2769 4671
600 453 691 525 ⁵„
1417 430 1776 519 -„0--
2112 427 2118 433 -
2730 310 2737 559 ι

597 631 898 700 voluisse
941 620 1072 684 Vir
1115 594 1656 683 celeberrimus,
1711 619 1867 663 cum
1928 596 2061 662 alio
2117 592 2271 660 loco
2343 588 2498 675 (p.
2533 587 2696 650 416.

599 752 741 807 not.
774 735 873 817 1))
915 727 1008 809 ‚id
1059 721 1240 810 qnod
1292 718 1579 782 LIVIUS
1615 705 1985 784 XXXIX,
2020 724 2079 788 9.
2139 708 2443 767 narrat,
2528 694 2695 757 Fe·
2731 602 2736 757 i

602 857 901 913 GENIAM
961 842 1115 919 post
1170 834 1465 891 mortem
1528 813 1802 902 patroni
1868 831 2076 894 quum
2138 794 2736 869 testamentum*

600 955 893 1018 faceret,
952 950 1253 1002 tutorem
1304 950 1343 991 a
1387 920 1719 990 Tribunis
1777 928 1845 981 et
1879 918 2205 981 Praetore
2265 911 2413 974 sibi
2478 909 2690 996 peti-

599 1058 818 1123 visse.
897 1055 1054 1134 post
1122 1040 1375 1105 Sci-um
1450 1040 1761 1094 nostrum
1835 1023 2188 1089 conditum
2260 1019 2683 1101 legetnque

599 1160 936 1251 perlatam
1008 1145 1364 1213 accidisse,
1437 1139 1653 1200 immo
1719 1155 1807 1197 ex
1870 1131 1997 1194 hac
2054 1128 2301 1190 tutoris
2367 1126 2680 1201 optione

600 1283 921 1334 concessa
990 1247 1444 1320 derivandum
1511 1262 1692 1318 esse,
1771 1234 2049 1314 asserit3
2134 1232 2343 1314 idque
2410 1232 2677 1312 ipsum

603 1368 932 1439 orationis
989 1371 1301 1425 tenorem
1380 1345 1763 1414 ostendere.
1868 1340 1999 1406 Sed
2072 1340 2236 1425 ipse·
2292 1331 2669 1398 orationis

599 1493 803 1545 tenor
844 1464 1219 1534 accuratius
1261 1442 2074 1541 inspectuscontrarihm
2123 1434 2434 1518 evincit,
2502 1457 2665 1500 rem

601 1581 922 1651 videlicet
958 1572 1151 1636 illam
1189 1568 1398 1647 longo
1432 1571 1739 1644 tempore
1779 1565 1931 1618 ante
1972 1554 2222 1618 SCtum
2261 1548 2554 1612 factum
2601 1554 2666 1604 et

602 1680 1057 1758 Bacchanalia
1094 1675 1353 1736 detecta
1386 1676 1640 1751 gestam
1674 1684 1840 1729 esse.
1881 1658 2158 1727 Etenim
2192 1661 2263 1718 in
2301 1654 2514 1716 illius
2559 1646 2661 1712 rei

605 1762 1261 1862 commemoratione
1299 1772 1583 1837 LIVIUS
1635 1773 1844 1831 utitur
1881 1765 2189 1849 tempore
2224 1761 2658 1845 plusquam—

601 1897 910 1992 perfecto
959 1891 1068 1971 (ιο
1107 1881 1567 1964 processerat),
1623 1870 1805 1955 quod
1851 1868 2251 1935 tantundem
2295 1866 2372 1930 in
2420 1861 2654 1928 semel

599 2013 877 2096 peracta
916 2019 993 2061 re
1034 1997 1290 2078 potest,
1349 1993 1679 2068 quantum
1719 1977 1793 2041 in
1836 1974 2080 2057 rebus,
2117 1994 2288 2059 quae
2333 1993 2648 2035 consue-

604 2112 844 2181 tudine
875 2106 1203 2176 constant,
1234 2087 1711 2176 imperfectum
1745 2096 2035 2171 tempus,
2080 2105 2214 2166 quo
2255 2077 2533 2143 ibidem
2569 2079 2648 2140 in

526 2276 528 2285 ,
605 2219 888 2287 caeteris
935 2203 1252 2274 omnibus
1301 2198 1534 2277 rebus,
1589 2214 1760 2278 quae
1798 2202 1953 2255 ante
1992 2187 2325 2253 indicium
2367 2183 2647 2248 factum

606 2319 1012 2391 acciderant.
1046 2302 1424 2387 referendis
1457 2319 1613 2363 usus
1642 2310 1763 2363 est.
1821 2294 2071 2362 Omnis
2103 2314 2268 2358 vero
2299 2288 2644 2354 dubitatio

608 2428 909 2495 tollitur,
965 2417 1020 2480 si
1073 2411 1276 2478 verba
1322 2406 1528 2471 nullis
1569 2401 1995 2467 intermediis
2042 2397 2396 2484 sequentia
2438 2397 2643 2479 lege-

606 2535 743 2609 ris,
799 2545 965 2613 quae
1006 2520 1100 2590 ita
1142 2522 1533 2599 comparata
1579 2521 1737 2573 sunt
1784 2507 1971 2594 (cap.
1998 2527 2090 2571 ιο.
2130 2480 2351 2591 ἱηίῑζῴ
2436 2508 2643 2567 Haec

605 2636 850 2703 amoris
910 2631 1192 2710 pignora
1261 2641 1402 2682 cum
1462 2630 1670 2679 essent
1743 2620 1877 2693 (sc.
1939 2612 2330 2680 adolescens
2398 2608 2487 2673 ab
2559 2631 2643 2673 ea

607 2748 1019 2808 sustentatus
1070 2739 1134 2793 et
1187 2726 1429 2791 haeres
1475 2721 1817 2805 scriptus)
1871 2741 1986 2782 neo
2041 2723 2383 2802 quicquam
2430 2740 2640 2780 sure-

603 2862 744 2912 tum
803 2842 974 2905 alter
1022 2834 1107 2921 ab
1160 2834 1372 2895 altero
1428 2827 1774 2899 haberent,
1834 2848 1953 2907 per
2002 2823 2640 2888 iocum-adolescens

568 3037 573 3048 f
604 2964 796 3017 vetat
835 2969 974 3010 eam
1014 2940 1363 3012 admirari,
1415 2940 1476 3000 si
1501 2957 1630 3028 ‘per
1666 2930 1922 3018 aliquoi
1955 2946 2178 2996 noctes
2211 2931 2633 3011 secubuisset‚

608 3072 677 3125 et
723 3047 896 3142 quae
948 3055 1360 3132 sequuntur,
1420 3040 1661 3126 quibus
1712 3050 2153 3112 enarrantur,
2214 3060 2383 3123 quae
2434 3039 2634 3113 indi-

604 3165 786 3229 cium
843 3159 1163 3247 proxime
1211 3156 1739 3234 praecesserant.
1834 3144 2160 3229 Denique
2204 3167 2345 3209 non
2396 3147 2634 3226 viden,

605 3267 768 3355 quid
811 3280 1152 3339 caussam,
1197 3277 1330 3340 qua
1363 3250 1621 3318 factum
1667 3258 1785 3327 sit,
1833 3262 1909 3316 ut
1951 3262 2176 3316 tutore
2216 3269 2256 3314 a
2288 3252 2629 3316 Tribunis

607 3384 674 3437 et
716 3374 1040 3436 Praetore
1098 3366 1310 3451 petito
1371 3357 1725 3424 HISPALA
1793 3366 2276 3422 testamentum
2334 3354 2630 3433 faceret,

601 3502 640 3544 e
677 3474 1055 3560 longinquo
1097 3478 1446 3555 petamus,
1490 3487 1692 3550 quam
1730 3465 1881 3550 ipse
1913 3464 2198 3527 LIVIUS
2242 3465 2432 3546 quasi
2474 3467 2631 3548 ιιι-ρᾶς

597 3587 747 3659 ποσί
799 3580 1064 3671 posuit,
1131 3595 1288 3640 cum
1348 3572 1535 3637 addit
1592 3584 1749 3653 post
1810 3572 2080 3633 mortem
2134 3570 2407 3648 patroni
2465 3571 2514 3636 i.
2565 3597 2623 3638 e,

603 3696 760 3781 quia
800 3698 1130 3777 patronus
1173 3678 1520 3765 legitimus
1562 3666 1775 3764 ipsius
1820 3685 2006 3740 tutor
2047 3671 2400 3737 defunctus
2448 3692 2619 3743 erat.

604 3796 895 3864 Tutelae
945 3799 1174 3855 autem
1221 3777 2257 3848 ad‘testamentum'faciendum
2304 3801 2623 3847 necessa-

602 3902 750 3970 riae
811 3916 1020 3984 quare
1078 3888 1361 3957 omnino
1414 3887 1834 3953 mentionem
1884 3883 2207 3960 inferret,
2271 3885 2390 3957 illa
2439 3888 2617 3953 ratio

136 4186 141 4192 .
190 4215 193 4218 ‚
284 4201 411 4280 f
548 4185 711 4312 '³³2

107 4277 283 4563 ‚f
