2769 4671
290 4101 295 4108 ι
308 4071 347 4112 ’5¹

140 4129 143 4144 i

414 4001 459 4032 J

507 349 621 421 44»
1336 328 1696 376 -0-

511 535 635 590 est.
722 515 991 583 Eodem
1045 526 1329 597 prorsus
1383 499 1594 567 modo
1655 497 1939 563 libertae
1999 503 2195 558 extra
2247 500 2548 573 gentem

513 628 775 695 nubere
819 616 1225 703 simpliciter
1263 609 1511 674 vetitae
1551 616 1746 675 sunt.
1802 622 2024 685 neque
2067 608 2554 686 patronorum

513 729 865 800 autoritati
925 733 1195 788 tantum
1256 715 1590 781 tributum
1649 720 1784 787 est,
1845 719 1925 771 ut
1992 724 2334 769 consensu
2404 723 2550 763 suo

515 836 862 906 extraneis
915 828 1173 917 nuptiis
1223 820 1651 890 commodato
1708 814 1794 878 de
1845 814 2053 878 totius
2105 807 2326 895 gentis
2375 808 2553 870 iure

516 944 934 1011 deciderent.

678 1154 1041 1219 Postremo
1091 1142 1330 1231 quaeri
1390 1135 1644 1225 possit,
1712 1143 1941 1196 utrum
2002 1137 2201 1191 extra
2253 1134 2544 1208 gentem

507 1260 816 1328 nubendi
870 1257 979 1320 ius
1026 1252 1191 1315 solis
1241 1247 1690 1335 patriciorum
1735 1236 1999 1301 libertis
2050 1243 2122 1294 et
2171 1228 2550 1293 clientibus

505 1365 950 1434 interdictum
995 1357 1241 1433 luerit,
1270 1375 1387 1416 ·an
1430 1371 1598 1412 vero
1649 1343 1853 1408 etiam
1900 1337 2332 1425 plebeiorum
2375 1357 2549 1397 om·-

506 1476 841 1554 niumque
879 1456 1512 1529 manumissorum?
1598 1453 1690 1516 Et
1738 1450 1797 1512 si
1846 1445 2316 1529 antiquissima
2357 1452 2551 1505 tem-

510 1598 688 1668 pora
733 1571 1173 1658 respiciamus
1217 1566 1370 1650 (w),
1422 1559 1713 1649 perinde
1756 1578 1834 1619 ac
1886 1565 2154 1617 caetera
2198 1549 2547 1635 gentilitia

510 1687 672 1751 iura
723 1681 894 1745 haec
952 1694 1219 1760 quoque
1291 1671 1375 1732 de
1438 1668 1697 1750 nuptiis
1755 1662 2082 1726 clientum
2149 1657 2544 1722 observatio

512 1796 663 1859 sine
706 1787 914 1853 dubio
966 1781 1050 1844 ad
1094 1779 1275 1843 solos
1316 1773 1766 1861 patriciorum
1814 1768 2094 1831 clientes
2145 1776 2211 1829 et
2251 1764 2542 1829 libertos

512 2216 696 2281 tibus
757 2222 827 2273 et
878 2204 1140 2269 libertis
1197 2196 1644 2262 constituisse.
1725 2193 1911 2258 Nam
1971 2200 2210 2275 postea
2265 2209 2538 2274 quoque

517 2320 850 2385 domuum
938 2305 1269 2396 splendor
1369 2312 1435 2366 et
1511 2301 1821 2387 potentia
1900 2297 1974 2360 in
2058 2295 2538 2366 clientelarum

515 2418 910 2510 frequentia
952 2414 1180 2501 posita
1228 2429 1373 2472 esse
1425 2430 1564 2471 non
1613 2401 1894 2492 desiyit,
1948 2402 2535 2485 constatqueple-

515 2530 707 2596 beios
780 2512 1359 2598 nobiles‚ssicuti
1432 2531 1673 2593 agrum
1748 2508 2096 2594 publicum
2182 2510 2534 2594 possidere

514 2639 932 2721 coeperunt,
993 2623 1091 2686 ita
1145 2618 1434 2683 infinitis
1489 2614 1834 2678 interdum
1892 2614 2250 2677 clientibus
2307 2626 2535 2679 auctos

394 2725 405 2734 .
514 2744 749 2810 fuisse.
828 2731 1272 2800 Potissimum
1311 2745 1478 2787 vero
1514 2721 1596 2784 de
1634 2720 1893 2788 libertis
1930 2738 2305 2803 eorumque
2336 2722 2535 2805 prole

510 2851 590 2918 id
658 2837 1031 2933 placuerit,
1113 2836 1368 2920 partim
1442 2827 1625 2912 quod
1701 2826 2112 2890 libertorum
2182 2826 2536 2891 clientelae

518 2951 898 3022 diutissime
953 2948 1274 3026 viguere,
1346 2934 1473 3021 (cf.
1513 2936 1889 2999 NIEBUHR
1943 2931 2149 3002 Rom.
2200 2931 2447 2996 Gesch.
2476 2934 2536 3014 Ι,

515 3058 704 3145 587.)
759 3065 828 3119 et
872 3044 1362 3140 posterioribus
1409 3038 1828 3125 temporibus
1879 3036 2053 3099 nihil
2101 3042 2282 3101 inter
2323 3040 2541 3123 patri-—

521 3174 791 3235 ciorum
837 3170 906 3223 et
949 3150 1377 3240 plebeiorum
1425 3154 1855 3232 patronatum
1904 3141 2294 3205 interfuisse
2346 3144 2537 3230 ylde-

520 3287 673 3342 ιω,
727 3263 983 3353 partim
1043 3256 1223 3344 quod
1280 3252 1513 3317 multis
1575 3246 2002 3311 documentis
2057 3261 2352 3322 constat,
2407 3274 2534 3337 pa-

520 3387 760 3445 ‘tronus
802 3366 1199 3433 durissimas
1238 3356 1666 3425 conditiones
1706 3358 1845 3418 suis
1887 3354 2148 3418 libertis
2178 3357 2528 3439 imponere

526 3562 1069 3598 -,,,,,.----

592 3724 698 3794 (ιυ)
733 3717 984 3777 Videtur
1041 3708 1199 3765 enim
1249 3706 1363 3761 hoc
1418 3703 1753 3760 institutum
1806 3692 2091 3779 summam
2132 3700 2527 3773 antiquitatem

659 3812 917 3872 redolere
949 3808 1251 3880 ipsamque
1280 3801 1398 3855 ΧΠ
1429 3796 1755 3853 tabulatum
1790 3811 2029 3852 aetatem
2062 3797 2380 3861 excederes
2402 3812 2527 3850 con·

664 3926 752 3970 tn
793 3922 968 3981 quam
1008 3896 1229 3977 placuit
1270 3896 1526 3952 Huoom
1575 3890 1982 3965 Rechtsgeoch.
2018 3904 2118 3964 95,
2153 3889 2243 3948 ιδ.

668 4019 711 4048 KV
