2769 4671
565 373 664 465 56
1382 384 1737 427 “⁰-

569 570 900 652 ingenuos
954 560 1111 625 illos
1167 558 1350 624 cives
1411 569 1480 622 et
1544 555 1629 621 ab
1685 555 1998 642 ingenuis
2044 555 2431 638 oriundos,
2501 561 2650 645 qui

568 675 813 761 primis
875 670 1049 754 reip.
1119 660 1539 749 temporibus
1598 665 1671 726 in
1732 675 1964 745 gentes
2024 662 2074 727 i.
2115 684 2176 733 e.
2234 666 2649 729 universi-

568 790 736 842 tates
783 774 1105 861 quasdam
1160 770 1486 857 descripti
1534 780 1771 846 erant3
1829 768 2048 831 altera
2093 791 2261 832 vero
2311 769 2643 854 signifi-

564 883 739 948 catio
792 903 909 944 eos
958 877 1524 964 comprehendit,
1594 874 1708 960 qui
1750 875 1886 940 illis
1934 874 2244 957 gentibus
2297 887 2377 940 ut
2430 876 2640 942 obe-

571 988 833 1051 dientes
898 997 1099 1069 atque
1162 984 1445 1047 clientes
1504 981 1627 1046 sub
1696 979 2097 1067 quibusdam
2167 979 2632 1046 conditioni-

566 1093 690 1157 bus
734 1090 984 1156 subditi
1031 1101 1259 1168 erant,
1331 1111 1632 1171 quorum
1697 1109 1841 1151 non
1898 1084 2260 1150 minimam
2313 1101 2628 1174 partem
2721 1088 2722 1099 ³

566 1199 798 1267 liberti
845 1195 1241 1262 efficiebant.
1322 1197 1530 1260 Hunc
1582 1217 1749 1261 vero
1788 1193 2036 1257 locum
2086 1194 2303 1257 solam
2346 1205 2627 1278 poste-

561 1304 821 1368 riorem
896 1298 1466 1384 significationem
1543 1300 1905 1386 recipere,
1997 1319 2202 1362 nemo
2278 1297 2621 1380 ambigit,

568 1406 812 1492 Ecquis
870 1405 1054 1468 enim
1104 1405 1491 1487 putaverit,
1535 1403 1900 1468 libertabus
1950 1403 2088 1467 nisi
2130 1425 2288 1467 cum
2344 1414 2615 1490 patro·

568 1513 677 1576 nis
753 1531 1122 1592 eorumque
1189 1509 1558 1594 gentilibus
1625 1507 1929 1597 patriciis
2012 1488 2233 1572 nullas
2309 1513 2603 1594 nuptias

566 1636 917 1682 concessas
969 1614 1221 1692 fuisse,
1294 1636 1453 1678 cum
1482 1616 1696 1680 inter
1756 1636 1993 1679 omnes
2048 1627 2346 1690 constet,
2418 1616 2601 1680 olim

562 1721 905 1812 patricii8‚
966 1719 1181 1782 immo
1226 1718 1579 1801 ingenuis,
1639 1741 1793 1782 cum
1830 1719 2169 1791 libertinis
2215 1722 2597 1786 matrimo-

566 1833 684 1894 nio
748 1828 941 1908 iungi
1008 1847 1348 1890 summam
1404 1824 1859 1909 ignominiam
1924 1826 2248 1892 attulisse.
2348 1827 2627 1892 Restat.

568 1935 809 2020 igitur,
879 1946 955 1998 ut
1019 1945 1294 2017 gentem
1369 1930 1781 2017 accipiamus
1852 1929 2297 1997 humiliorem
2367 1932 2595 2008 illam,

566 2063 734 2126 quae
778 2062 867 2103 ex
904 2040 1033 2117 iis,
1084 2039 1201 2120 qui
1256 2038 1464 2102 alicui
1515 2036 1963 2122 patriciorum
2023 2036 2209 2120 genti
2253 2039 2327 2103 in
2368 2036 2590 2104 'obse-

564 2128 802 2231 quium
848 2167 920 2207 se
973 2143 1414 2233 addixerant,
1477 2141 1998 2228 conficiebatur3
2057 2156 2131 2208 ut
2175 2144 2288 2209 hic
2342 2169 2581 2212 sensus

563 2253 684 2316 sit:
752 2251 1033 2314 libertae
1078 2251 1245 2313 olim
1298 2250 1403 2313 ius
1457 2270 1597 2314 non
1650 2245 1860 2311 fuisse
1917 2248 2037 2312 alii
2086 2250 2331 2316 liberto
2375 2277 2579 2340 quam

565 2355 683 2442 qui
765 2354 1002 2417 eadem
1091 2367 1294 2436 gente
1380 2357 1904 2433 contineretur,
1981 2355 2278 2442 nubere,
2349 2363 2574 2452 itaque

567 2463 970 2544 FEcENIAE
1059 2458 1267 2522 etiam
1353 2457 1698 2522 extraneis
1788 2459 2092 2526 nubendi
2170 2476 2574 2552 potestatam

565 2567 743 2632 soto
813 2564 982 2632 dari.

723 2775 900 2841 Cum
971 2789 1141 2840 vero
1203 2776 1287 2842 de
1351 2776 1483 2858 hoc
1546 2777 1701 2842 iure
1760 2778 2036 2844 aliunde
2100 2779 2236 2846 nisi
2293 2804 2381 2848 ex
2435 2783 2565 2851 hoc

561 2883 710 2946 loc-o
782 2880 957 2946 nihil
1012 2894 1321 2954 constet.
1405 2881 1727 2969 quicquid
1785 2885 1860 2970 in
1922 2906 2003 2948 eo
2075 2886 2432 2953 obscurum
2498 2905 2564 2959 et

561 2984 1036 3073 explicationis
1103 2988 1419 3071 indigens
1476 2993 1707 3053 visum
1773 2986 2027 3069 fuerit,
2061 3006 2377 3081 'apparet
2431 2998 2563 3064 nisi

559 3089 966 3156 coniecturis
1040 3090 1376 3156 illustrari
1435 3103 1522 3156 ¹et
1578 3094 2078 3180 suspicionibus
2153 3121 2295 3164 non
2350 3122 2558 3187 posse.

559 3196 687 3260 Sed
744 3195 1052 3282 primum
1097 3198 1374 3283 quidem
1407 3202 1815 3283 quaeritur,
1874 3223 2076 3285 quam
2128 3204 2261 3268 late
2312 3208 2425 3271 illa
2469 3233 2553 3276 ex

554 3313 755 3385 gente
803 3302 1145 3366 enubendi
1194 3302 1941 3391 prohibitiovpatuerit,
2005 3307 2055 3376 i.
2101 3331 2161 3377 e.
2207 3322 2429 3377 utrum
2464 3317 2549 3380 ad

556 3404 1080 3474 solassslibertas
1144 3430 1472 3495 personas
1542 3414 2003 3497 pertinuerit,
2072 3438 2161 3481 an
2228 3420 2425 3484 etiam
2465 3422 2547 3488 ad

509 3504 847 3575 'caeteras
909 3511 1277 3587 clientas,
1300 3516 1489 3590 sive,
1556 3518 1737 3601 quod
1804 3518 1990 3583 idem
2052 3521 2270 3606 valet,
2335 3536 2546 3601 utrum

551 3616 790 3681 liberta
848 3617 1052 3678 etiam
1123 3616 1462 3703 ingenuo
1500 3621 1735 3689 clienti
1794 3625 2094 3693 eiusdem
2158 3630 2377 3712 gentis
2421 3655 2542 3696 nu-

544 3723 702 3785 bere
753 3723 1092 3804 potuerit,
1162 3745 1376 3794 necne
1436 3740 1505 3794 et
1570 3750 1657 3793 an
1716 3730 1954 3795 eadem
2000 3733 2389 3799 conditione
2436 3738 2537 3800 in-

544 3847 799 3910 genuae
872 3845 1136 3909 quoque
1219 3803 1499 3896 clientes
1568 3833 1927 3899 obstiictae
1997 3825 2303 3917 fueiint3
2374 3844 2529 3925 quod

547 3944 615 3996 ut
663 3930 1116 4014 intelligatur.
1173 3932 1256 3998 de
1309 3933 1636 4004 clientum
1686 3953 1752 4005 et
1799 3940 2203 4009 libertorum
2254 3956 2419 4021 statu
2462 3948 2523 4012 in
