2769 4671
1004 344 1007 345 ?
1039 351 1143 379 ἢ,
1197 352 1255 399 0«
1293 359 1421 382 ἡ,
2098 353 2224 439 ,55

156 527 365 591 erat,
415 520 736 602 quoniam
774 533 1065 607 patrono
1094 535 1319 588 tutore
1350 545 1493 589 non
1527 522 1885 590 videbatur
1922 547 2219 594 consen-

152 643 346 686 sum
406 637 473 690 et
521 628 953 695 autoritatem
1001 633 1218 719 ipsius
1267 632 1641 721 impetrare
1683 633 2007 720 potuisse.

334 835 601 901 ”Adhuc
636 840 1121 918 demonstravi,
1172 844 1335 931 quid
1376 845 1683 909 utilitatis
1724 844 2076 911 FECENIA
2121 868 2212 911 ex

146 945 430 1004 tutoris
481 951 761 1020 optione,
797 949 926 1011 sibi
985 951 1137 1016 data
1183 965 1468 1038 captura
1524 961 1699 1021 erat,
1763 950 2030 1014 etiamsi
2084 953 2208 1015 illo

145 1060 494 1132 tempore
550 1051 761 1116 dativi
825 1066 1077 1120 tutores
1147 1060 1285 1121 iam
1355 1058 1539 1121 inter
1601 1054 1880 1118 alterius
1935 1056 2207 1138 generis

142 1146 435 1218 tutores
489 1160 840 1223 numerari
886 1176 1270 1248 coeperant.
1357 1164 1489 1229 Sed
1541 1164 1829 1227 fortasse
1876 1185 2016 1226 non
2057 1163 2208 1226 sine

137 1261 440 1323 ratione
487 1267 873 1365 suspiaetur
917 1271 1306 1352 quisquam,
1357 1282 1507 1334 tum
1556 1278 1860 1334 tutorum
1909 1290 1948 1330 a
1990 1269 2205 1331 Prae·-

141 1375 320 1425 tore
350 1364 818 1450 Tribunisfjue
847 1371 1160 1436 datorum
1196 1379 1629 1438 autoritatem
1664 1372 1969 1436 nondum
2002 1370 2222 1434 simi-2

139 1469 322 1532 liter
395 1492 472 1533 ac
538 1471 1054 1539 fiduciariorum
1143 1490 1210 1539 et.
1288 1480 1685 1559 optivorum
1758 1478 2197 1540 imminutam

139 1571 415 1652 fuisse,
498 1577 613 1642 sed
696 1575 1092 1645 tantundem
1166 1592 1375 1663 quam
1447 1579 1830 1663 legitimam
1910 1581 2195 1646 tutelam

137 1677 479 1749 valuisse.
555 1682 787 1770 Quod
848 1684 951 1748 ius
1011 1683 1221 1749 fuisse
1279 1683 1642 1770 aliquando
1702 1683 1999 1748 dubitari
2053 1707 2194 1750 non

142 1798 408 1869 potest.
488 1788 897 1854 Etiamnum
959 1814 1125 1856 vero
1185 1792 1618 1857 thttRONIs
1681 1801 1898 1852 aetate
1952 1787 2188 1869 fuisse,

145 1893 396 1955 suadet
444 1893 634 1958 locus
680 1899 1078 1961 notissimus
1134 1921 1223 1961 ex
1273 1896 1689 1960 Mureniana
1745 1897 1845 1972 (c.
1876 1896 2018 1974 12.)
2069 1893 2188 1956 ubi
2233 1958 2240 1963 ,

142 1997 354 2061 letos
431 2021 715 2084 carpens
792 2015 1064 2081 orator,
1153 2001 1357 2084 quod’
1416 2005 1521 2062 ius
1605 1999 1778 2060 bene
1853 1997 2185 2085 scriptum

144 2105 394 2168 multis
458 2117 693 2187 argute
759 2106 1162 2191 commentis
1226 2105 1727 2190 corrupissent,
1800 2104 1984 2167 inter
2048 2102 2185 2167 alia

149 2210 478 2292 exempla
537 2209 663 2273 hoc
725 2192 991 2299 quoque
1043 2212 1306 2299 posuit:
1371 2212 1686 2276 ltslulieres
1735 2231 1989 2281 omnes.
2049 2210 2176 2286 ait,
2273 2290 2280 2297 .

145 2329 429 2396 propter
465 2315 912 2406 &firmitatem
954 2321 1210 2382 consilii
1243 2322 1520 2382 maiores
1559 2321 1627 2381 in
1668 2330 1957 2381 tutorum
1992 2329 2177 2399 pote-

143 2437 326 2487 state
371 2448 499 2487 esse
544 2426 906 2489 voluerunt.
1006 2430 1107 2491 Hi
1147 2432 1532 2491 invenerunt
1570 2445 1810 2506 genera
1857 2437 2175 2502 tutorum,

149 2552 315 2612 quae
353 2543 686 2611 potestate
728 2535 1056 2594 mulierum
1101 2535 1602 2596 continerentur.
1684 2528 1876 2593 Haec
1918 2547 2173 2609 genera

152 2647 487 2714 tutorum,
568 2659 735 2723 quae
798 2639 1128 2722 potestate
1190 2639 1559 2702 mulierum
1627 2634 2168 2709 continerentur,

150 2746 489 2829 plerique,
545 2745 659 2827 qui
709 2754 861 2806 ante
911 2744 1180 2807 GMUM
1234 2743 1371 2806 luci
1425 2740 1769 2806 redditum
1808 2739 2168 2825 scripsere,

152 2850 232 2913 ad
279 2861 528 2914 tutores
564 2849 837 2935 optivos
878 2851 1294 2927 retulerunss
1340 2852 1454 2934 qui
1492 2850 1811 2932 quoniam
1855 2846 2164 2912 mulieris

152 2957 426 3022 arbitrio
474 2958 964 3038 seligerentur,
1034 2956 1540 3042 quodammodo
1573 2957 1717 3037 *sub
1779 2953 2038 3017 ditione
2086 2971 2163 3015 ac

154 3077 316 3130 nutu
340 3065 552 3149 ipsius
581 3088 724 3128 esse
755 3066 1175 3129 viderentur.
1229 3066 1331 3128 Ita
1369 3064 1813 3130 HOTMANUS
1840 3059 2165 3144 (observ.

159 3172 280 3245 111,
329 3171 457 3254 16.)
507 3169 572 3233 et
612 3171 831 3235 ΟΤΤΟ
887 3171 1109 3254 (Diss.
1155 3170 1237 3233 de
1287 3192 1483 3259 perp.
1524 3168 1798 3232 mulier.
1846 3177 1968 3230 tut.
2024 3184 2081 3225 c.
2104 3162 2160 3229 Ι.

163 3273 381 3360 §.16.)
493 3275 620 3338 Sed
694 3298 928 3338 veram
997 3277 1425 3342 thmzoms
1504 3274 1908 3344 sententiam
1978 3267 2153 3335 illud

169 3369 511 3444 discrimen
561 3385 740 3445 inter
783 3382 1119 3481 leg'gimas
1162 3394 1227 3446 et
1270 3381 1545 3446 alterius
1587 3377 1857 3463 generis
1897 3388 2157 3442 tutores

169 3509 204 3551 a
240 3488 432 3554 Galo
491 3488 768 3558 demum
824 3502 1173 3573 acceptum
1227 3488 1484 3573 aperit3
1547 3484 1901 3549 evidenter
1948 3483 2157 3561 enim,

173 3614 322 3676 quos
371 3601 695 3678 potestate
749 3595 1117 3658 mulierum
1168 3593 1504 3656 contineri
1559 3591 1909 3656 TULLIUS
1960 3584 2159 3666 dixit,

172 3697 354 3762 iidem
410 3711 597 3770 sunt.
673 3701 789 3784 qui
855 3698 1020 3764 dicis
1068 3699 1306 3786 gratia
1366 3698 1796 3764 autoritatem
1846 3695 2157 3781 interpo-

177 3814 352 3875 nunt.
406 3815 472 3867 et
512 3806 713 3869 inviti
760 3828 799 3869 a
834 3806 1124 3869 muliere
1169 3807 1243 3870 ut
1283 3816 1554 3869 autores
1596 3802 1767 3870 fiant
1803 3800 1955 3882 cogi
1991 3819 2156 3886 pos-

180 3920 328 3971 sunt.
423 3907 680 3992 Atquin
735 3911 902 3972 haen
940 3911 1197 3993 'genera
1248 3923 1552 3977 tutorum
1600 3909 1974 3976 mulierum
2020 3904 2158 3969 im-
