2769 4671
545 395 642 475 σο
1367 403 1722 445 *ο-

545 562 894 666 ορῑίοηόω
937 572 1085 639 dari
1123 583 1443 660 apparet3
1499 569 1743 636 licebat
1784 588 1947 655 ergo
1988 569 2270 635 libertae
2310 577 2628 658 quoties
2715 586 2724 687 Q

542 686 869 756 luberet,
910 682 1118 744 alium
1180 690 1476 742 tutorem
1543 687 1780 763 optare
1836 699 1968 761 quo
2021 699 2181 739 casu
2233 678 2626 762 prior-eni,
2723 710 2724 787 1

542 792 602 856 si
668 790 743 854 in
809 808 1046 851 omnes
1111 807 1224 848 res
1282 794 1549 868 optatus
1615 794 1795 856 erat,
1867 781 2189 869 desivisse
2246 784 2624 851 similiter
2691 798 2724 865 ,ᾗ

539 906 744 983 pute,
806 914 882 955 ao
932 891 1278 955 absentem
1332 898 1668 966 tutorem,
1728 887 1802 949 in
1859 888 2051 950 cuius
2105 890 2334 953 locum
2404 892 2617 954 alius
2723 974 2724 989 ἶ

539 999 793 1088 petitus
839 1009 1005 1061 erat.
1076 997 1292 1077 (GM.
1327 996 1394 1071 Ι,
1440 995 1617 1076 173.)
1703 993 1857 1057 Scio
1902 994 2178 1079 quidem
2209 994 2610 1061 AEG11>10

541 1122 646 1169 DE
703 1103 987 1167 LOEHR
1058 1100 1368 1183 (Magaz.
1435 1098 1485 1162 f.
1542 1095 1802 1163 Philos.
1867 1122 1932 1168 u.
1985 1098 2237 1170 Gesch.
2299 1101 2427 1165 des
2496 1103 2606 1174 R.

537 1210 886 1275 Tomlu.
935 1205 1140 1294 psnss
1175 1206 1304 1288 sq.)
1352 1204 1650 1289 placere,
1689 1210 1936 1268 tutoris
1976 1210 2242 1287 optione
2276 1211 2601 1272 omnino

533 1327 803 1380 tantum
844 1313 919 1377 in
962 1312 1261 1395 singulas
1311 1333 1578 1374 caussas
1626 1311 1910 1397 optandi
1959 1314 2064 1387 ius
2106 1315 2602 1400 comprehen-

536 1443 691 1485 sum
731 1418 975 1495 fuisse,
1020 1418 1136 1481 sed
1174 1439 1326 1480 eum
1371 1429 1610 1502 aperta
1652 1416 1806 1480 GAI
1860 1419 2073 1482 verba
2122 1421 2594 1504 redarguunt,

536 1525 819 1589 dicentis
869 1523 973 1603 (Ι,
1018 1523 1202 1601 150.)
1259 1523 1506 1583 tutoris
1561 1524 1828 1600 optione
1870 1524 2022 1587 data
2067 1524 2275 1589 licere
2330 1530 2584 1606 uxori,

535 1629 650 1695 vel
720 1628 795 1692 in
871 1648 1109 1690 omnes
1178 1647 1285 1687 res
1355 1625 1469 1687 vel
1535 1625 1606 1687 in
1679 1649 1884 1691 unam
1959 1628 2136 1694 forte
2208 1643 2325 1696 aut
2394 1633 2586 1696 duas

534 1741 814 1821 optare3
893 1729 1349 1816 quae·verba
1432 1731 1527 1794 ita
1601 1732 2020 1798 intellexisse
2092 1737 2366 1802 videtur
2443 1740 2584 1804 Vir

534 1835 1061 1908 CeleberrimuS,
1105 1847 1179 1898 ut
1215 1833 1503 1899 eandem
1543 1838 2023 1923 differentiam,
2067 1838 2270 1927 quam
2305 1842 2582 1907 GAqu

530 1948 855 2031 proxima
925 1939 1359 2026 paragrapho
1429 1942 1676 2028 plenae
1751 1959 1816 2011 et
1882 1964 2202 2034 augustae
2261 1950 2581 2036 optionis

468 2076 473 2089 *
532 2047 924 2143 nominibus
992 2044 1383 2130 insignivit.
1461 2048 1939 2133 indigitarent,
2019 2057 2139 2119 sed
2210 2056 2574 2119 luculento

535 2176 812 2233 errore3
889 2136 1023 2217 alio
1094 2153 1277 2248 enim
1344 2165 1685 2236 spectare,
1763 2158 1885 2221 illa
1961 2183 2101 2224 vox
2176 2163 2570 2244 Caeterum,

418 2260 434 2279 ‘
534 2281 703 2346 quae
744 2273 1134 2352 sequentem
1180 2259 1693 2346 paragraphum
1735 2265 2160 2351 auspicatur,
2210 2278 2276 2330 et
2316 2282 2568 2356 suapte

531 2369 609 2432 vi
665 2368 1007 2434 diversam
1065 2390 1216 2431 rem
1275 2378 1639 2431 tractatum
1692 2371 1783 2433 iri
1829 2373 2227 2458 praedicat,
2286 2384 2429 2460 tum
2493 2393 2565 2444 et

530 2472 703 2538 illud
757 2473 1034 2563 probat,
1097 2470 1278 2557 quod
1332 2492 1405 2534 eo
1460 2494 1653 2544 casu,
1709 2474 1916 2560 plena
1959 2478 2221 2544 scilicet
2278 2486 2564 2569 optione

530 2577 722 2650 data,
767 2579 881 2642 vel
924 2579 995 2658 in
1040 2599 1281 2650 ‚omues
1327 2599 1437 2640 res
1485 2581 1596 2642 vel
1635 2579 1709 2642 in
1748 2603 1954 2648 unam
2002 2581 2181 2660 sorte
2227 2600 2343 2651 aut
2382 2590 2556 2657 duas

529 2698 765 2770 optare
832 2684 1076 2762 lie-ere,
1144 2682 1395 2745 GAIUS
1463 2682 1673 2759 dixin
1747 2708 1967 2771 neque
2029 2676 2215 2754 enim
2266 2698 2548 2778 partitio

528 2799 628 2852 est
681 2791 923 2874 partis,
984 2807 1185 2871 quam
1237 2784 1478 2848 effecit.
1573 2788 1786 2851 Plane
1840 2794 2208 2862 verborum
2253 2802 2552 2871 istorum

524 2894 859 2958 sententia
906 2892 1072 2956 haec
1121 2901 1253 2969 est,
1324 2897 1571 2958 tutoris
1611 2897 1879 2974 optione
1940 2898 2094 2965 data
2146 2915 2279 2969 tam
2328 2928 2550 2992 gene-

522 3001 741 3066 ralem
799 3013 1135 3081 tutorem,
1207 3000 1259 3068 i..
1304 3022 1367 3067 e.
1429 2999 1544 3083 qui
1599 3002 1724 3064 toli
1785 3005 2203 3089 patrimonio
2263 3020 2549 3097 praesit,

520 3104 994 3189 omnibusque,
1053 3114 1379 3189 quotquot
1417 3105 1821 3189 inciderint,
1876 3118 2163 3198 negotiis
2201 3129 2548 3191 autorita-

519 3222 658 3276 tem
713 3212 946 3291 addat,
1004 3230 1207 3294 quam
1262 3210 1664 3296 specialem,
1724 3218 1928 3282 cuius·
1969 3225 2196 3290 tutela·
2233 3236 2543 3315 negotio,

518 3314 604 3378 ad
648 3316 829 3398 quod
872 3325 1134 3401 optatus
1177 3325 1308 3393 est,
1355 3327 1635 3410 peracto
1676 3322 1903 3388 statim
1947 3330 2286 3416 exspirat,
2330 3343 2542 3404 uxori

517 3429 758 3502 optare
812 3419 1042 3485 licere.
1161 3417 1393 3484 Verbo
1466 3430 1729 3488 tantum
1796 3433 2145 3497 monuisse
2209 3439 2532 3525 sufficiat,

511 3521 643 3587 hac
682 3521 1012 3609 opinione
1041 3525 1438 3610 Doctissimi
1467 3526 1623 3592 Viri
1660 3526 2030 3617 confutata,
2071 3561 2294 3624 neque
2330 3547 2530 3613 illam.

512 3647 719 3713 quam
760 3628 825 3695 ei
859 3630 1354 3713 superstruxit,
1408 3632 1586 3714 quod
1629 3635 1929 3721 optivam
1974 3646 2253 3710 tutelam
2297 3653 2525 3717 minus

513 3750 715 3813 quam
784 3735 1361 3800 testamentariam
1432 3739 1778 3824 legitimae
1851 3744 2212 3818 exitiosam
2283 3753 2497 3824 fuisse

511 3837 887 3915 existimat,
940 3853 1123 3907 stare
1163 3860 1381 3925 posse.
1480 3875 1487 3882 ·
2495 3806 2521 3866 '⁹

1097 3950 1101 3984 s

508 4145 733 4388 »ς
