2769 4671
549 381 649 467 48
1370 408 1727 455 -o—

545 576 709 642 dare
753 576 944 658 licet,
995 599 1138 643 non
1181 551 1387 644 etiam
1439 579 1888 670 filiamquae
1927 588 1998 649 in
2045 597 2381 671 potestate
2431 605 2616 673 est,

542 704 928 770 quanquam
1001 696 1069 747 et
1130 683 1312 749 filiae
1372 697 1439 751 et
1510 691 1718 754 uxori
1784 692 2185 776 simpliciter
2249 708 2606 762 tutorem

542 789 719 854 dare
752 788 1164 874 permissum
1210 792 1299 856 sit
1347 791 1567 870 (GM.
1599 795 1657 872 I,
1700 795 1835 861 144.
1882 797 2053 884 148.)
2106 800 2300 864 cuius
2346 803 2600 866 diffe-

537 903 799 963 rentiae
858 918 1031 982 quae
1088 920 1318 962 caussa
1381 896 1625 974 suerit,
1680 900 1865 967 infra
1924 907 2341 971 examussim
2411 908 2600 975 dis-

436 1082 439 1085 ·
536 1002 855 1088 quii-endi
907 1003 1096 1068 locus
1146 1001 1434 1067 dabitur.

693 1216 934 1296 Nunc,
992 1236 1127 1300 quo
1177 1222 1715 1304 suprascriptum
1768 1217 2210 1303 privilegium
2268 1226 2577 1310 penitus

523 1322 1115 1407 introspiciamus.
1169 1323 1428 1407 aliquot
1465 1323 1927 1408 quaestiones,
1979 1346 2116 1389 non
2159 1338 2293 1392 tam
2336 1335 2570 1398 verba

420 1498 425 1501 ,
525 1448 728 1511 quam
788 1448 938 1487 rem
1000 1438 1410 1510 spectantes,
1475 1430 1840 1524 diligenter
1896 1431 2353 1504 tractabimus,
2460 1442 2569 1504 Et

521 1532 830 1620 primum
893 1529 1169 1614 quidem
1230 1531 1617 1615 quaeritur,
1676 1530 1861 1616 quid’
1892 1538 2231 1603 commodi
2283 1565 2371 1607 ex
2434 1547 2558 1612 loc

518 1622 889 1726 privilegio
923 1637 999 1699 in
1039 1636 1448 1701 FECENIAM
1494 1637 1941 1704 redundarit?
2023 1642 2112 1706 Et
2155 1667 2306 1711 cum
2358 1655 2555 1716 scia·

520 1767 708 1816 muS,
774 1743 1188 1807 FECENIAM
1243 1742 1499 1805 conditi
1557 1743 1706 1807 ICti
1763 1754 2072 1832 tempore
2134 1761 2435 1819 tutorem
2509 1782 2553 1825 a

456 1918 459 1933 ,
513 1826 844 1916 Praetore
885 1846 1348 1931 'tribunisque
1382 1848 1670 1930 petitum
1707 1848 2055 1934 babuisse,
2099 1854 2368 1937 diversa
2415 1886 2548 1928 re-

513 1960 829 2046 sponsio,
884 1965 1090 2042 prout
1135 1951 1401 2015 dativae
1446 1953 1695 2017 tutelae
1734 1958 1874 2020 vim
1918 1982 1994 2021 ac
2035 1944 2343 2029 naturam
2385 1980 2545 2036 tum

506 2061 721 2127 fuisse
787 2058 1182 2130 statuimus,
1262 2079 1407 2121 esse
1476 2060 1751 2144 poterit.
1860 2064 2142 2148 Duplex
2211 2073 2539 2146 videlicet

507 2166 865 2233 muliebris
927 2165 1174 2230 tutelae
1232 2184 1442 2246 genus
1506 2164 1717 2228 fuisse
1778 2190 1865 2232 ex
1928 2172 2134 2239 GAlo
2199 2179 2534 2250 traditum

506 2272 927 2359 accepimuS‚
1016 2270 1304 2333 alterum
1387 2270 1854 2355 legitimorum
1927 2288 2274 2357 tutorum,
2357 2289 2400 2355 i.
2461 2313 2530 2359 e.

506 2390 908 2466 agnatorum
959 2386 1035 2447 et
1081 2386 1532 2461 patronolum
1586 2389 1652 2441 et
1710 2381 1925 2464 patris
1970 2390 2524 2476 manumissoris3

501 2488 796 2551 alterum
869 2481 1050 2565 quod
1131 2484 1455 2565 quoniam
1533 2498 1828 2551 caeteras
1909 2504 2181 2557 cunctas
2262 2505 2523 2585 species

499 2591 794 2657 multum
840 2587 1138 2650 divelsas
1190 2589 1723 2673 complectitu1,·
1764 2578 2038 2660 alte-ssus
2088 2605 2356 2688 genelis
2407 2621 2520 2672 tu·-

497 2712 728 2765 tonum
817 2699 1100 2759 nomine
1169 2694 1580 2777 insignitur,
1636 2707 2077 2766 testamento
2167 2704 2513 2794 datmum,

492 2800 1035 2873 fiduciariorum‚
1077 2800 1609 2884 praetoriorum,
1657 2826 1694 2866 a
1730 2805 2051 2872 Praetore
2088 2822 2153 2874 et
2187 2814 2512 2885 Tribunis

472 2912 830 2976 datorum.
914 2905 1340 2971 Permultum
1392 2929 1558 2970 vero
1605 2911 1784 2975 inter
1828 2913 1991 2977 haec
2037 2916 2171 2982 duo
2212 2932 2514 2990 tutorum

488 3002 935 3101 generaGAI
975 3021 1184 3073 aetate
1225 3010 1590 3093 intererat3
1644 3015 1987 3099 legitimae
2036 3025 2218 3089 enim
2260 3032 2513 3096 tutelae

488 3144 569 3191 eo
621 3122 763 3183 vim
812 3116 1106 3206 aliquam
1160 3115 1409 3178 habere
1463 3119 2046 3202 intelligebantur,
2106 3133 2284 3220 quod
2334 3134 2507 3218 legi-

485 3224 640 3288 timi
726 3234 980 3287 tutores
1069 3241 1291 3303 neque
1377 3221 1464 3283 ad
1550 3234 2022 3295 testamentum
2113 3233 2501 3305 faciendum

482 3349 705 3414 neque
750 3327 834 3389 ad
883 3350 991 3390 res
1041 3325 1342 3411 mancipi
1390 3327 1781 3394 alienandas
1835 3355 2053 3419 neque
2108 3339 2191 3401 ad
2242 3344 2497 3429 obliga-

478 3434 701 3498 tiones
750 3431 1208 3517 suscipiendas
1258 3442 1527 3495 autores
1577 3432 1728 3497 fieri
1785 3440 2230 3522 cogebantur,
2288 3471 2496 3532 eaque

478 3538 721 3606 omnia¹
763 3536 1073 3624 ipsorum
1124 3557 1358 3599 caussa
1408 3539 1769 3602 constituta
1825 3557 2055 3625 erant,
2119 3570 2203 3632 ne
2249 3549 2496 3617 haere-

474 3642 646 3707 ditas
722 3641 1035 3708 mulieris
1102 3641 1214 3705 vel
1283 3642 1474 3706 nulla
1553 3645 1661 3708 vel
1733 3647 1957 3713 minus
2031 3651 2339 3740 locuples
2412 3660 2492 3724 ad

471 3749 661 3837 ipsos
735 3747 1145 3836 perveniret.
1257 3746 1569 3813 Alterius
1644 3774 1806 3838 vero
1880 3756 2184 3838 generis-
2236 3772 2489 3829 tutores

468 3854 802 3942 quoniam,
859 3853 1214 3942 *foe-minae
1288 3851 1781 3921 haereditatem
1867 3882 2009 3924 non
2092 3868 2489 3950 sperabant,

466 3971 732 4027 tantum
805 3959 972 4026 dicis
1041 3957 1262 4045 gratia
1325 3955 1649 4027 foeminis
1712 3956 2081 4052 dabantur,
2148 3973 2484 4061 siquidem

2413 4093 2481 4147 et

130 4167 605 4432 f*
