2769 4671
440 348 499 431 gs
1263 350 1632 412 ·--·“”ὺ·-’“

440 538 623 612 ι’ῡηῐὶ
694 544 797 613 Et
855 516 1197 609 dationetn
1241 537 1515 626 quidem
1582 536 1685 602 Μ.
1733 524 2250 633 ΒοΝᾺΊῇυεειιῖ
2293 531 2364 602 h.
2409 520 2490 600 ῚῙ

442 646 728 736 prorsus
767 634 1082 714 similiter
1123 647 1447 733 exponit,
1489 666 1565 706 ac
1593 642 2063 729 TURN'EBUS,
2106 640 2234 702 nisi
2279 640 2471 726 quod

444 757 630 823 illius
684 755 1145 842 suspicionem
1205 751 1289 816 de
1343 750 1753 814 alienatione
1811 747 2073 811 libertis
2135 744 2303 808 elim
2351 745 2472 808 in-

450 864 739 928 terdic-ta
818 861 1236 945 argumentis
1329 851 1710 944 approbare
1787 863 2040 924 tentet,
2124 850 2238 915 sed
2328 863 2473 914 tam

451 968 747 1055 ineptiS‚
819 979 893 1030 ut
936 965 1178 1029 iisdem
1236 961 1597 1028 refutetur.
1707 961 1814 1025 De
1870 961 2300 1020 deminutione
2342 979 2477 1018 au-

455 1084 596 1139 tem
653 1095 916 1137 novum
977 1069 1318 1154 quoddam
1369 1067 1820 1151 excogitavit‚'
1882 1065 2083 1150 idque
2130 1064 2289 1127 satis
2336 1066 2478 1126 mi·-

457 1200 640 1263 rum.
748 1178 925 1241 Cum
980 1177 1164 1263 enim
1232 1174 1689 1245 observasset,
1781 1172 2106 1263 deminuti
2164 1170 2475 1256 appella-

457 1274 759 1371 tione'id
831 1279 1534 1365 quoque·contineri,
1599 1276 1776 1360 quod
1843 1289 2244 1362 usucaptnm
2297 1286 2481 1366 ⁴esset

466 1389 665 1472 (Lm.
713 1389 805 1453 D.
858 1389 940 1448 de
978 1385 1264 1448 haered.
1319 1384 1535 1464 petit.)
1582 1383 2077 1444 deminutionem
2143 1380 2272 1444 hoc
2325 1381 2475 1442 loco

464 1493 568 1555 ius
630 1491 1061 1578 usucapionis
1124 1485 1508 1571 significare
1564 1488 1863 1572 putavit,
1919 1490 2058 1570 'quo
2120 1488 2479 1550 libertinos

470 1597 764 1660 caruisse
836 1600 986 1678 jure
1057 1595 1241 1656 civiti
1316 1591 1574 1670 videri,
1648 1593 1788 1655 tuni
1859 1592 2054 1674 quod'
2113 1592 2335 1656 liberti
2392 1610 2490 1656 ex

474 1703 689 1764 servis
742 1699 943 1772 fiant,
989 1699 1138 1780 qui.
1186 1719 1340 1758 curn
1382 1697 1514 1779 ipsi
1557 1697 2063 1782 possideantur,
2110 1698 2282 1760 nihil
2320 1700 2484 1784 pos-‘-

476 1805 700 1869 sidere
761 1801 1289 1887 intelligantur‚'
1334 1811 1492 1865 tum·
1540 1800 1720 1886 quod
1770 1817 2095 1889 perpetua
2150 1815 2485 1888 patrono-

473 1923 632 1974 rum
711 1910 918 1974 tutel'a
1009 1908 1530 1979 contineantur,
1609 1917 1673 1968 et
1733 1907 1907 1970 bona
1982 1911 2294 1994 ipsorum
2374 1906 2489 1973 vel

479 2038 593 2080 ‹ei
595 2027 662 2085 te
706 2038 866 2102 pars
892 2015 1003 2078 ad
1057 2037 1170 2078 eos
1238 2012 1611 2099 pertineat!
1681 2012 1896 2096 Quae
1947 2036 2100 2079 cum
2143 1998 2489 2078 'eiusmodi

480 2121 653 2197 sint,
725 2132 800 2184 ut
867 2119 1030 2181 dum
1099 2118 1539 2199 referantur,
1610 2117 2018 2191 concidant,
2096 2115 2490 2181 confutandi

484 2246 766 2312 opelam
819 2247 962 2290 non
1012 2225 1309 2330 insumo,

637 2436 1116 2500 G’UTHERI'US
1175 2435 1321 2517 (de.
1363 2435 1517 2500 iure
1582 2436 1889 2522 pontific.
1936 2437 2026 2513 H,
2075 2436 2173 2518 7.)
2237 2447 2311 2500 ut
2370 2435 2494 2499 adss

478 2544 942 2604 versariorum
989 2543 1318 2605 nonnulla
1375 2542 1543 2605 vitia
1586 2555 1774 2605 acute
1823 2544 2125 2615 viderat,
2192 2529 2284 2605 ita
2335 2542 2494 2606 dum

477 2648 626 2730 ipse
692 2667 940 2709 novam
1007 2645 1167 2709 huic
1236 2649 1389 2711 loco
1458 2649 1679 2712 lucem
1751 2649 2121 2712 accendere
2159 2657 2495 2723 conaturs,

402 2797 407 2802 -
492 2753 719 2817 nescio
764 2753 832 2815 in
881 2752 1050 2834 quae
1101 2759 1368 2824 somnia
1419 2752 1674 2819 desei-Ji
1731 2777 1800 2818 se
1843 2776 2076 2840 passus
2124 2767 2244 2820 est.
2337 2756 2497 2818 Gen·

486 2858 576 2920 tis
635 2857 815 2920 enim
880 2838 1322 2939 vocabufuni,
1388 2860 1567 2947 quod
1648 2871 1799 2923 ante
1864 2863 2129 2937 enuptio
2200 2859 2500 2946 positum

492 2975 628 3033 est,
695 2964 958 3025 dationi
1026 2976 1092 3028 et
1146 2968 1575 3029 deminutioni
1647 2979 1885 3053 aptans
1945 2966 2213 3026 datione
2282 2967 2500 3044 gentis

491 3065 859 3152 significari
925 3070 1017 3131 ait
1063 3072 1548 3152 gentilitatem,
1617 3084 1690 3134 ut
1742 3073 2085 3136 FECENIA
2147 3091 2233 3132 ex
2283 3069 2518 3134 liber?

496 3173 616 3235 tini
664 3172 942 3233 'ondinis
1010 3174 1416 3238 obscuritate
1480 3176 1561 3238 ad
1638 3175 1971 3258 ingenuae
2039 3187 2108 3238 et
2173 3177 2499 3261 patriciae

493 3276 925 3362 splendorem
972 3276 1256 3341 Senatus
1290 3280 1615 3343 beneficio
1645 3282 2164 3366 proveheretur.
2230 3282 2499 3346 Deinde

414 3379 420 3384 ’
483 3403 661 3460 ‚vero
728 3380 868 3443 dari
920 3388 1133 3462 geneis
1187 3386 1681 3447 deminutionem
1746 3387 1789 3453 i.
1837 3409 1894 3451 e.
1955 3390 2276 3473 patriciae
2317 3407 2499 3469 'gen-

495 3486 578 3550 tis
622 3506 857 3548 rursus
913 3487 1324 3568 abjiciendae
1383 3502 1778 3574 potestatem
1810 3537 1827 3562 .
1874 3492 2071 3565 dum,
2122 3494 2292 3556 alter
2344 3495 2501 3579 qui·-

497 3590 648 3652 dam
719 3588 1036 3664 Clodius,
1109 3596 1541 3676 arrogatione
1608 3616 1645 3656 a
1717 3598 2019 3681 patribus
2083 3601 2165 3662 ad
2233 3599 2501 3684 plebem

492 3707 814 3764 transeat.
957 3696 1180 3779 Quam
1276 3702 1552 3784 quidem
1641 3687 2292 3788 ’ἰηίειριεῑειῑίοηεηι
2384 3681 2501 3789 qui

488 3802 706 3886 probe
747 3801 1018 3865 iriisam
1071 3813 1138 3865 et
1183 3810 1587 3886 exagitatam
1632 3808 1859 3890 legere
1898 3810 2209 3893 cupiant,
2265 3811 2505 3873 adeant:

502 3895 902 3978 GRONovu
946 3903 1028 3970 ad
1074 3904 1144 3970 h
1182 3906 1234 3975 l·
1279 3897 1622 3974 adnotati<
1611 3935 1787 3990 nes,
1849 3915 1960 3994 qui
2014 3914 2243 4000 paullo
2282 3914 2500 3977 acrius
