2769 4671
1044 436 1144 455 --
1198 425 1240 468 0
1295 438 1395 452 -—-
2118 410 2229 490 47.

386 600 528 684 Qui
586 599 856 686 quidem
922 598 1053 662 viri
1114 599 1252 665 iam
1315 609 1498 662 recte
1556 594 1912 672 viderunt,
1982 602 2231 663 tutoris

210 709 550 783 optionem
629 729 772 769 esse
857 707 962 767 ius
1047 715 1387 783 tutorem,
1471 718 1674 788 quem
1746 704 1899 788 ipsa
1970 702 2225 767 mulier

212 813 424 882 velit.
485 812 609 874 sibi
665 808 997 894 eligendi3
1057 790 1220 873 uam
1273 809 1348 873 in
1408 808 1684 894 optione
1730 830 2004 894 semper
2052 808 2225 872 iuris

211 917 619 1000 significatio
673 919 880 988 inest,
950 914 1238 1002 perinde
1294 925 1493 997 atque
1548 913 1628 975 in·
1674 914 1957 985 actionis
1991 937 2223 982 *voca-

207 1022 400 1086 bulo.
499 1021 704 1106 Quod
755 1043 921 1085 vero
968 1020 1276 1098 additur,
1332 1021 1673 1101 quesivit·
1724 1021 2252 1110 ei-testamentm

208 1128 537 1200 dedisset,
623 1127 846 1191 solum
917 1125 1001 1188 ad
1077 1125 1395 1189 ultimum
1462 1123 1825 1187 articulum
1894 1127 2225 1210 pertinet,

206 1233 716 1316 significatque,
769 1232 949 1311 cui,
968 1251 1008 1292 a
1054 1252 1186 1314 quo
1231 1240 1298 1292 et
1339 1218 1915 1313 quemadmodum
1952 1231 2083 1297 hoc
2121 1235 2227 1297 ius

204 1334 359 1403 sine
402 1339 681 1423 speciali
725 1339 873 1422 lege
915 1336 1061 1400 dari
1096 1337 1343 1408 soleat,
1398 1357 1484 1397 ne
1522 1335 1717 1420 quale
1758 1334 1831 1400 id
1865 1337 1993 1420 sit,
2019 1340 2229 1425 quod

212 1445 450 1525 datur,
506 1449 874 1528 ignoretur.

378 1607 743 1672 Sciendum
789 1615 888 1670 est
925 1604 1136 1689 igitur
1171 1602 1243 1669 in
1277 1625 1573 1691 persona
1616 1598 1892 1683 ux'oriS,
1940 1625 2111 1691 quae
2151 1609 2228 1673 in

213 1736 426 1777 manu
471 1723 604 1785 est,
667 1725 1015 1797 receptam
1077 1736 1220 1777 esse
1275 1715 1519 1776 tutoris
1556 1713 1918 1790 optionem,
1971 1713 2015 1780 i.
2051 1737 2108 1778 e.
2151 1728 2231 1781 ut

205 1818 409 1884 li'ceat
455 1818 515 1881 ei
562 1819 996 1903 permittere,
1052 1842 1248 1903 quem
1301 1817 1468 1882 velit
1514 1818 1699 1902 ipsa,
1756 1826 2048 1881 tutorem
2099 1821 2231 1886 sibi

208 1937 480 2011 optare,
536 1922 667 1985 hoc
712 1923 952 1988 modo:
1021 1927 1235 1988 Titiae
1275 1929 1472 1987 uxori
1509 1946 1685 1984 meae
1730 1924 1975 1984 tutoris
2015 1929 2229 2003 optio·

204 2053 347 2093 nem
396 2031 503 2092 do.
589 2028 765 2092 GAI.
796 2028 853 2109 I,
894 2033 1030 2096 150.
1113 2030 1419 2113 Ideoque
1467 2049 1592 2090 nec
1637 2026 1879 2105 uxori,
1930 2021 2230 2111 quae'in

204 2150 606 2198 manu'non
649 2119 783 2221 ελεῐ,ι
834 2157 1052 2230 ⁴neque
1096 2134 1193 2210 ei,
1249 2136 1611 2218 quaesine
1650 2133 1905 2217 nuptiis
1945 2135 2229 2202 alterius

204 2240 310 2307 rei
372 2259 607 2302 caussa
660 2236 735 2298 in
799 2258 1078 2301 manum
1143 2237 1498 2319 convenit,
1584 2241 1829 2302 tutoris
1901 2246 2231 2320 optionem
2321 2299 2326 2302 Α

209 2348 374 2411 daie
420 2344 614 2420 licet3
670 2364 806 2407 non
851 2344 999 2406 sine
1039 2346 1343 2424 ratione,
1401 2366 1693 2430 namque
1736 2345 1980 2409 tutoris
2025 2358 2237 2413 testa-

203 2462 437 2518 mento
495 2446 698 2511 dandi
757 2448 950 2531 origo
1005 2470 1092 2513 ex
1155 2451 1382 2515 veihis
1437 2452 1582 2517 XII
1639 2450 2062 2519 tabularum.
2124 2459 2232 2522 uti

206 2558 475 2639 legassit
533 2577 690 2616 suae
753 2558 881 2633 rei,
966 2558 1070 2617 ita
1133 2558 1234 2619 ius
1295 2571 1474 2638 esto,
1560 2560 1904 2633 manavit,
1983 2561 2227 2644 quibus

205 2664 429 2729 veihis
493 2658 868 2745 interpiete
929 2660 1342 2727 POMPoNlo
1408 2664 1458 2730 l.
1502 2684 1639 2728 120.
1681 2658 1795 2731 ‘'D.
1863 2662 1947 2727 de
2006 2665 2098 2733 V.
2152 2669 2231 2737 S.

205 2772 536 2836 latissima
595 2779 890 2853 potestas
951 2767 1208 2831 tributa
1263 2790 1411 2831 esse
1461 2747 1736 2832 'videtur
1792 2780 1860 2833 et
1914 2767 2231 2839 haeredis

207 2872 604 2941 instituendi
673 2884 741 2935 et
815 2872 1034 2956 legata
1107 2884 1176 2936 et
1242 2865 1586 2937 libeltates
1668 2843 1913 2950 dandi,
1987 2878 2231 2945 tutelas

213 3004 475 3068 quoque
557 2976 1058 3058 constituendi3
1147 3002 1340 3043 suam
1422 2990 1649 3043 autem
1732 2991 2009 3066 oportet
2077 3004 2232 3048 lem

210 3086 673 3176 familiamque
715 3108 893 3157 esse,
937 3084 1228 3169 ideoque
1268 3108 1395 3150 nec
1438 3085 1676 3166 uxori,
1714 3106 1897 3173 quae
1941 3089 2225 3155 omnino

211 3194 284 3255 in
349 3215 626 3257 manum
694 3195 758 3256 ei
824 3216 962 3256 non
1026 3192 1382 3274 convenit,
1466 3213 1624 3255 cum
1700 3191 1807 3258 sui
1873 3193 2046 3258 iuris
2109 3197 2200 3262 sit

217 3319 432 3381 neque
485 3298 587 3370 ei,
651 3318 823 3380 quae
881 3295 1302 3361 fiduciariam
1362 3294 1869 3381 coemptionem
1923 3318 2077 3360 cum
2143 3269 2231 3365 eo⁹

214 3403 408 3496 fecit,
467 3402 647 3488 quod
695 3425 958 3467 cassum
1010 3423 1251 3465 manus
1309 3422 1563 3464 nomen
1620 3410 1722 3463 est
1774 3422 1995 3486 neque
2049 3402 2231 3469 filiae

216 3510 362 3573 loco
425 3510 677 3576 muliei
682 3530 790 3571 em
851 3505 1053 3586 efficit
1104 3504 1239 3614 (z)
1268 3517 1673 3582 testamento
1738 3510 1985 3569 tutoris
2038 3512 2229 3588 optio

219 3612 393 3676 dari
419 3625 659 3698 potest.
767 3612 1086 3695 Denique
1139 3585 1384 3676 tutoris
1436 3614 1767 3693 optionem
1833 3611 1996 3675 soli
2020 3613 2227 3714 uxori

285 3906 368 3972 (z)
417 3893 748 3959 Rectissime
795 3907 946 3980 apud
993 3903 1135 3966 Giu.
1165 3911 1209 3970 1,
1250 3915 1365 3979 14&
1414 3923 1521 3982 pro
1562 3909 1644 3966 Ei
1680 3909 2027 3969 doctiouimiu
2071 3910 2218 3969 vitiu

289 4005 299 4016 ·
363 3998 536 4053 Uxori
572 3998 937 4059 scribendum
972 4021 1088 4062 este
1123 4002 1324 4062 vinum
1359 4018 1465 4061 est.
1527 4008 1534 4016 '
