2769 4671
493 325 650 416 ,54
998 340 1005 345 ¹
1256 286 1744 385 “r-0*-

543 505 746 591 perio
802 507 1320 572 subiuncturum
1372 507 1674 575 inventis
1726 511 2044 577 ICtorum
2099 527 2396 602 accepta
2464 515 2633 598 fert,

547 613 733 675 unde
792 613 1245 697 intelligitur,
1318 614 1403 677 de
1468 614 1700 680 dativo
1767 629 2030 702 tutore,
2102 624 2218 706 qui
2285 645 2391 687 ex
2471 625 2634 706 lege

546 717 768 782 Atilia
827 740 966 781 non
1018 742 1185 782 vero
1240 742 1328 784 ex
1376 723 1736 785 autoritate
1786 725 2205 809 prudentum
2260 727 2632 816 proficis-

547 833 854 900 ceretur,
921 845 1078 887 eum
1136 848 1273 888 non
1332 828 1696 908 cogitasse,
1756 829 1871 891 sed
1923 831 2272 898 Atilianos
2329 846 2629 898 tutores

546 947 690 989 non
732 929 1074 993 minorem
1121 930 1240 994 illa
1284 942 1499 995 aetate
1545 930 1941 1015 dignitatem
1989 937 2341 1013 habuisse,
2396 962 2626 1024 quam

543 1030 913 1113 legitimOS.
996 1034 1071 1098 Si
1121 1057 1286 1098 vero
1335 1049 1734 1120 quaeratur,
1793 1039 1874 1102 de
1928 1044 2168 1125 quibus
2214 1045 2620 1127 generibus

513 1135 899 1212 ‚TULLIUS
984 1143 1316 1220 senserit,
1404 1142 1712 1228 plerique
1788 1144 2445 1234 fiduciariosssqui
2485 1154 2500 1163 ‘⁷
2537 1149 2618 1212 ad
2705 1146 2706 1177 ³

546 1237 933 1305 evitandam
979 1247 1446 1312 molestiorem
1492 1252 1772 1314 tutelam
1814 1254 2290 1369 sumelaentum
2341 1257 2619 1342 appel·

422 1356 433 1361 “
541 1344 729 1421 lanu
797 1349 975 1430 quod
1039 1361 1109 1413 ut
1171 1375 1312 1416 non
1372 1355 1843 1441 reprehendo,
1911 1359 2004 1422 ita
2059 1363 2297 1424 malim
2358 1373 2617 1425 tamen

482 1434 751 1509 'etiam
834 1454 1104 1532 optivos
1152 1452 1464 1535 addere,
1554 1471 1693 1520 tum
1779 1463 1957 1544 quod
2035 1478 2102 1530 et
2168 1466 2300 1530 hoc
2377 1490 2613 1552 genus

542 1552 994 1633 prudentibus
1048 1556 1230 1619 haud
1289 1560 1493 1631 dubie
1558 1562 1841 1628 debetur
1896 1577 1962 1632 et
2018 1572 2101 1633 ad
2156 1573 2608 1663 severiorem

541 1658 824 1720 tutelam
883 1661 1284 1734 arcendam,
1351 1676 1422 1727 ut
1478 1669 1706 1732 statim
1767 1679 2158 1762 ostendam,
2221 1681 2606 1746 inventum

540 1773 676 1830 est,
710 1765 876 1826 stum
932 1765 1108 1845 quod
1168 1789 1309 1828 non-
1367 1790 1617 1851 genus.
1680 1777 1797 1839 sed
1849 1784 2103 1863 genera
2153 1808 2605 1852 commemo·-

535 1886 695 1929 rans
764 1880 998 1933 orator
1063 1884 1299 1956 aperte
1361 1874 1443 1935 ad
1513 1877 1720 1961 plura
1767 1870 2115 1954 ¹eiusmodi
2192 1906 2603 1958 commenta

543 2184 870 2262 quasdam
925 2189 1292 2255 tutelarum
1345 2191 1595 2289 abiisse
1654 2202 2030 2287 verisimile
2085 2221 2215 2289 est,
2276 2230 2458 2292 quae
2518 2213 2592 2276 iu

535 2284 645 2359 id,
707 2300 778 2349 ut
833 2311 1037 2353 verae
1095 2304 1160 2355 et
1200 2294 1591 2379 *asperiores
1642 2307 1890 2371 tutelae
1942 2312 2393 2388 evitarentur,
2471 2342 2596 2382 re-

518 2402 773 2473 ,pertae
835 2408 1069 2473 erant,
1139 2409 1510 2483 posteaque
1576 2406 1888 2494 demum,
1959 2439 2161 2500 quam
2226 2418 2589 2486 foeminae

535 2501 821 2563 omnino
869 2500 1187 2564 licentius
1233 2524 1435 2586 agere
1485 2531 1888 2597 coeperant,
1944 2545 2057 2585 eas
2099 2548 2336 2594 omnes
2377 2550 2591 2591 secu-

531 2610 634 2662 tas
719 2624 902 2684 esse,
960 2603 1164 2690 *quae
1247 2612 1441 2675 nullo
1525 2623 1766 2682 tutoris
1855 2630 2218 2694 commodo
2265 2644 2582 2704 ,tantum

527 2718 822 2793 propter
868 2710 1041 2775 iuris
1090 2714 1312 2779 civilis
1365 2717 1915 2794 observationem
1968 2734 2323 2814 dabantur.

692 2918 1054 2987 Caeterum
1118 2926 1249 2991 hoc
1313 2932 1492 2998 SCto
1558 2941 1786 3022 prima
1859 2941 1943 3014 de
1989 2954 2578 3042 ,tutoris-‘optione

524 3022 785 3084 mentio
835 3024 939 3106 fit,
998 3032 1128 3094 nisi
1183 3039 1361 3116 quod
1409 3042 1704 3110 Accms
1750 3050 2147 3130 PLAUTUS,
2199 3059 2312 3141 qui
2352 3062 2574 3129 circi-

522 3134 631 3186 ter
681 3150 861 3191 anno
910 3147 1065 3198 ante
1117 3140 1367 3207 SCtum
1424 3147 1507 3210 de
1553 3149 2087 3224 Bacchanalibus
2136 3161 2386 3229 factum
2438 3170 2572 3233 de-

523 3231 756 3309 cessit,
803 3236 952 3301 loco
1002 3242 1414 3313 subobscuro
1465 3252 2007 3339 ('I'rucul.lV,4.
2056 3288 2120 3333 V.
2146 3268 2229 3355 6.)
2275 3270 2354 3332 ad
2405 3295 2563 3339 eam

517 3340 902 3419 respexisse
957 3347 1331 3417 videatur.·
1399 3357 1599 3422 Unde
1662 3380 1949 3480 app'aret
1998 3374 2157 3436 satis
2208 3377 2564 3463 antiquam

517 3463 664 3506 esse
695 3453 937 3511 tutoris
979 3460 1346 3537 optionem3
1407 3475 1481 3527 ut
1513 3468 1907 3539 AEG1D1US
1944 3497 2044 3542 DE
2072 3481 2356 3572 LQEHR
2392 3486 2464 3570 (l.
2494 3512 2560 3555 0.

513 3549 792 3637 p.420.)
870 3557 1073 3622 etiam
1144 3574 1651 3638 testamentaria
1716 3581 2080 3648 mulierum
2125 3591 2364 3656 -tutela
2421 3605 2570 3658 an:

511 3656 840 3723 tex-iorem
890 3663 1170 3756 eiusque
1223 3672 1498 3743 initium
1549 3677 1695 3746 esse
1738 3687 2101 3757 arbitratus
2149 3697 2257 3759 sit.
2315 3719 2322 3728 ‘·
2346 3698 2555 3782 Quod

509 3755 686 3820 mihi
744 3760 1001 3831 idcirco
1069 3793 1208 3836 non
1268 3779 1530 3863 placet,
1604 3790 1930 3872 quoniam
1989 3796 2083 3862 ita
2149 3805 2336 3868 nasci
2394 3807 2555 3873 iura

513 3872 583 3964 et
633 3862 726 3935 ita
787 3866 1208 3944 incrementa
1263 3899 1509 3971 capere
1562 3893 1819 3971 solent,
1883 3912 1960 3965 ut
2014 3924 2055 3974 a
2113 3905 2544 3995 simplicibus

414 4163 579 4296 κζ»,
