2769 4671
1028 351 1458 437 Ἆ--ο-’ψ
2193 366 2494 457 15

1015 449 1040 496 >²

298 569 390 633 D.
450 568 535 632 de
591 568 740 632 iure
789 560 1018 651 delib.)
1074 575 1140 628 et
1195 564 1311 647 qui
1377 585 1747 651 usucapere
1790 548 2042 650 p'atit‘ur
2092 558 2286 647 (l.21.

295 676 385 740 D.
450 676 535 738 de
601 673 874 741 haered.
928 671 1094 757 pet.)
1155 679 1222 732 et
1283 680 1358 733 ut
1414 670 1947 750 condemnetur,
2004 689 2288 754 operam

299 781 450 860 dat,
517 781 785 844 diemve
857 775 1139 840 actionis
1206 773 1393 838 abire
1464 767 1717 862 patitur
1791 775 1869 859 (l.
1897 797 1952 839 1.
2007 776 2152 860 §.7.
2191 772 2282 847 D.

297 908 381 951 ne
426 885 585 971 quid
633 893 705 950 in
750 883 974 979 fraud.
1027 876 1259 972 pam).
1559 884 1578 905 ⁰

911 1002 914 1031 l

455 1076 739 1165 Summa
792 1098 1005 1184 igitur
1057 1097 1256 1163 huius
1307 1095 1501 1162 verbi
1555 1097 1655 1160 vis
1704 1106 2015 1160 versatur
2066 1096 2141 1160 in
2191 1117 2293 1169 en,

297 1215 369 1269 ut
443 1207 554 1279 cui
629 1206 983 1286 deminutio
1056 1200 1419 1268 interdicta
1482 1206 1614 1274 sit,
1688 1202 1751 1264 ei
1821 1202 2011 1265 nullo
2087 1216 2283 1287 pacto

290 1311 790 1396 patrimonium
857 1331 1055 1374 suum
1107 1309 1220 1372 vel
1282 1308 1693 1392 negligentia
1751 1307 1865 1371 vel
1923 1304 2100 1369 facto
2167 1310 2291 1371 suo

297 1427 667 1482 extenuare
712 1398 962 1493 liceat,
1039 1416 1358 1499 quoniam
1412 1413 1770 1485 immineat
1827 1412 2107 1497 aliquis,
2172 1436 2295 1476 cu·-

293 1524 403 1588 ius
463 1521 728 1586 intersit
797 1521 977 1584 bona
1049 1520 1334 1584 servari.
1443 1519 1594 1581 Iam
1660 1524 1846 1582 vero
1892 1519 2338 1585 FECENIAE·

299 1622 656 1690 deminutio
700 1622 1060 1698 tribuitur.
1115 1625 1162 1691 i.
1208 1647 1266 1690 e.
1326 1633 1401 1686 ut
1441 1624 1930 1707 patrimonium
1984 1625 2059 1689 in
2110 1622 2301 1690 futu·

296 1755 452 1799 rum
519 1732 959 1795 deminuendi
1024 1742 1317 1819 potestas
1379 1742 1594 1807 esset3
1663 1730 1756 1793 ita
1812 1731 1998 1794 enim
2054 1753 2300 1817 accep-

293 1830 439 1904 tum
504 1847 601 1900 est
674 1856 715 1898 a
773 1837 1119 1923 plerisque
1189 1836 1731 1923 interpretibus,
1817 1858 2037 1922 neque
2092 1839 2299 1926 plane

295 1946 492 2011 aliter
550 1942 763 2027 accipi
803 1964 1005 2029 posse
1048 1943 1284 2027 liquet.
1383 1933 1590 2033 Quod
1649 1953 2000 2043 tamen'ut
2046 1956 2330 2029 proce-'

296 2051 445 2124 dat,
520 2070 794 2112 necesse
859 2059 995 2130 est,
1059 2059 1134 2111 ut
1201 2057 1396 2110 antea
1463 2045 1903 2111 deminuendi
1962 2063 2299 2136 potestate
2394 2091 2415 2115 .

294 2159 610 2225 caruerit.
732 2156 870 2221 Hic
938 2178 1103 2220 vero
1170 2156 1338 2217 duae
1400 2156 1711 2231 οειυεεα,
1782 2171 2066 2242 propter
2131 2181 2298 2244 quas

295 2253 694 2328 deminuere
745 2263 1030 2326 libertae
1089 2282 1226 2323 non
1283 2260 1592 2334 licuerit,
1660 2261 1945 2345 cogitari
1993 2283 2297 2350 possunt.
2369 2262 2370 2267 ¹

293 2369 501 2434 Prior
533 2368 899 2438 -haecffestz
972 2368 1031 2432 si
1086 2364 1250 2449 quid
1282 2365 1457 2429 'dolo
1519 2366 1701 2430 malo
1758 2347 1987 2435 liberti
2027 2372 2296 2443 ‘factum

299 2487 480 2548 erat,
546 2495 680 2559 quo
739 2474 965 2538 minus
1040 2495 1241 2560 quam
1297 2471 1524 2536 debita
1586 2494 1744 2559 pars
1799 2474 1885 2537 ad
1929 2488 2299 2563 patronum

293 2582 727 2667 perveniret,
800 2588 1079 2663 praetor
1126 2575 1655 2651 interveniebat,
1714 2602 1959 2667 easque
2008 2567 2301 2654 fraudu-

292 2687 508 2752 lentas
565 2674 1062 2749 deminutiones
1111 2697 1177 2748 et
1221 2684 1663 2749 alienationes
1723 2689 2086 2755 revocabat
2139 2694 2214 2777 (l.
2241 2718 2298 2763 ι.

291 2811 401 2877 pr.
440 2792 528 2858 D.
560 2791 617 2853 si
659 2788 820 2875 quid
865 2789 938 2853 in
980 2789 1206 2853 fr.aud
1250 2790 1575 2875 patron..)
1659 2789 1861 2855 Unde
1900 2794 2299 2880 plenissima

293 2894 416 2960 lux
461 2894 622 2958 huic
676 2896 829 2958 loco
883 2893 1140 2959 affandi
1195 2895 1505 2973 videtu13
1567 2894 2062 2963 deminutionem
2116 2907 2301 2971 enim

288 2983 572 3085 largitus
607 3001 917 3073 Senatum
962 2999 1089 3064 hoc
1123 3001 1527 3065 FECENIAE
1560 3003 1824 3093 videtur
1858 3006 2155 3083 dedisse,
2200 3025 2298 3093 ut,

299 3107 517 3189 quoad
569 3106 871 3201 luberet,
938 3109 1430 3189 patrimonium
1490 3129 1690 3170 suum
1743 3108 1959 3175 invito
2014 3126 2305 3201 patrono

156 3274 169 3285 χ
220 3209 223 3210 ’
301 3209 697 3275 deminuere
741 3212 1031 3275 liceret-
1102 3210 1237 3277 Sed
1293 3216 1728 3295 quantumvis
1784 3215 1951 3279 haec
1998 3222 2306 3308 expliea-

299 3317 406 3381 tio
452 3319 680 3401 prima
735 3315 909 3379 facie
969 3314 1301 3389 arrideat.
1359 3327 1586 3380 tamen
1644 3324 2014 3389 accuratius
2066 3317 2303 3414 patilla

301 3422 611 3509 inspecta
673 3420 754 3484 ab
816 3419 943 3482 hac
995 3420 1222 3506 specie
1276 3425 1558 3483 omnino
1617 3424 1840 3488 aliena
1889 3413 2304 3501 invenietur.

300 3527 685 3613 Namque
755 3537 1065 3610 tempore
1132 3524 1264 3589 hoc
1327 3526 1582 3591 SCtum
1653 3527 1901 3609 fiebat,
1974 3550 2301 3623 patronus

303 3636 441 3697 iam
515 3632 924 3708 decesserat,
1002 3652 1249 3716 nequer
1291 3629 1510 3695 filium
1584 3648 1988 3721 nepotemve
2059 3645 2304 3726 ullum,

307 3754 597 3818 quorum
652 3736 1103 3810 interfuisset,
1165 3758 1252 3801 ne
1308 3740 1654 3807 FECENIA
1718 3742 2175 3822 deminueret.
2229 3754 2306 3817 in

307 3839 569 3908 familia
625 3845 1027 3936 reliquerat,
1088 3844 1274 3908 cuius
1338 3846 1441 3910 rei
1482 3845 1654 3910 illud
1720 3850 2124 3919 documento
2182 3870 2309 3937 est,

204 4033 209 4046 ,
315 3946 492 4030 quod
563 3951 812 4015 mulier
875 3958 1034 4034 post
1110 3961 1406 4019 mortem
1466 3952 1742 4062 patroni
1805 3956 1935 4026 sibi
2001 3979 2043 4024 a
2096 3982 2306 4048 praee
