2769 4671
1051 379 1402 439 ιιι-ᾳμ-ι-
2119 366 2242 445 hg,

211 545 561 633 cipiendis
618 547 751 615 nisi
825 558 1050 615 tutore
1108 559 1345 625 autore
1403 546 1813 631 deminuere
1883 552 2220 640 patrimo-

207 656 416 723 nium
504 679 642 722 non
713 669 1034 746 poteram
1116 677 1336 741 neque
1416 667 1644 733 tamen
1727 657 1869 721 ullo
1939 658 2215 745 probari

205 780 422 845 posse
495 762 646 828 loco
733 763 1080 840 arbitror,
1162 763 1620 827 deminutionis
1686 762 2215 848 appellationem

212 865 424 930 etiam
499 870 579 932 ad
651 870 1137 953 obligationum
1210 879 1592 933 contractus
1655 867 1938 945 referri,
2002 858 2215 950 siqui-

206 970 372 1036 dem
416 976 530 1059 qui
576 998 648 1039 se
691 976 979 1058 obligat,
1035 975 1341 1042 nondum
1390 975 1491 1051 de,
1526 975 1941 1061 patrimonio
1985 975 2212 1041 detra-

200 1073 350 1158 hit,
402 1090 477 1144 ut
529 1080 626 1161 is,
683 1080 800 1165 qui
850 1081 1120 1150 alienat.

371 1288 615 1372 Quid?
687 1292 864 1376 quod
922 1294 1421 1359 deminutionem
1483 1295 1578 1360 ita
1632 1316 1840 1384 supra
1896 1293 2031 1359 dici
2089 1294 2209 1357 in·-

200 1395 634 1477 telleximus,
705 1398 765 1461 si
830 1400 1189 1466 immineat
1249 1402 1437 1487 quis,
1499 1403 1689 1469 cuius
1751 1400 2053 1480 intersit,
2118 1421 2224 1462 ne.

198 1502 676 1593 deminuatur,
743 1506 855 1588 qui
909 1505 982 1569 in
1045 1506 1171 1569 hac
1237 1503 1506 1586 caussa,
1570 1518 1857 1593 patrono
1923 1504 2205 1581 demor-

191 1617 354 1686 tu0,
431 1620 577 1672 erat
644 1609 891 1677 nullus.
958 1643 1043 1661 --
1132 1612 1450 1696 Denique
1508 1613 1675 1678 illud
1740 1609 2200 1696 superaddere

188 1711 430 1791 liceat,
496 1715 869 1778 verisimile
920 1738 1057 1779 non
1115 1717 1374 1797 videri,
1438 1717 1720 1781 libertae
1764 1716 1966 1780 simul
2024 1714 2200 1806 libne-

188 1818 529 1882 rationem
577 1841 617 1881 a
658 1819 901 1893 tutela,
975 1821 1239 1885 etiamsi
1297 1821 1369 1885 in
1416 1821 1816 1904 quibusdam
1857 1821 2203 1885 duntaxat:

189 1924 484 1995 caussis,
572 1936 640 1987 et
727 1928 1074 1991 mitiorem
1158 1929 1440 1992 tutela-m
1523 1927 1942 2010 impertitam
2027 1947 2198 2003 esse,

185 2024 361 2094 cum„
412 2041 775 2115 utrumque
840 2054 920 2095 eo
975 2044 1268 2115 spectet,
1339 2042 1414 2094 ut
1473 2031 1737 2093 facilius
1790 2040 1855 2092 et
1915 2029 2196 2093 liberius

189 2160 301 2202 res
348 2159 503 2200 suas
567 2147 858 2201 tractare
912 2139 1147 2223 possit.
1243 2138 1431 2202 Nam
1488 2137 1587 2200 sic
1645 2137 1828 2201 idem
1891 2136 2192 2223 perfecte

187 2254 255 2307 et
304 2239 704 2328 imperfecte
750 2242 1252 2325 quodammodo
1313 2246 1377 2307 ei
1434 2242 1654 2310 datur.
1749 2244 1972 2311 Multo
2029 2265 2191 2309 sane

186 2347 610 2435 probabilius
667 2345 881 2426 foret,
950 2346 1112 2411 huic
1165 2352 1340 2434 parti
1413 2349 1559 2413 sola
1613 2353 1854 2414 tutoris
1912 2355 2189 2434 optione

184 2454 339 2518 data
420 2454 740 2517 Senatum
830 2453 1227 2538 prospicere
1307 2454 1627 2522 voluisse.
1754 2456 1862 2518 Ex
1945 2437 2229 2539 quibus‘

191 2559 542 2640 omnibus,
609 2558 684 2622 ni
741 2558 985 2629 iallor.
1047 2558 1178 2620 hoc
1243 2558 1573 2638 efficitur,
1615 2547 1841 2628 ,etiam
1906 2561 2188 2623 deminu-

184 2670 461 2738 tionem,
529 2675 605 2729 ut
667 2659 886 2728 adhuc
946 2665 1290 2729 intellecta
1357 2676 1495 2736 est.
1565 2663 1647 2727 ad
1722 2661 1903 2727 hunc
1959 2664 2186 2727 locum

184 2792 623 2855 caussamque
686 2792 929 2855 parum
1003 2768 1276 2849 facere,
1360 2782 1425 2833 et
1498 2772 1570 2833 in
1648 2770 1799 2835 aliis
1870 2772 2187 2836 omnibus

182 2888 492 2938 veterum
555 2874 721 2936 locis
766 2875 964 2938 aliter
1016 2875 1269 2959 accipi,
1336 2896 1542 2958 quam
1598 2874 1748 2958 hic,
1816 2888 1891 2941 ut
1933 2877 2185 2941 tolera-

182 2977 336 3043 bilis
392 2981 728 3044 sententia
784 2977 940 3061 fiat,
997 2979 1211 3064 accipi
1268 2982 1504 3065 possit.

339 3190 514 3256 Cum
590 3191 800 3273 igitur
881 3212 969 3254 ex
1049 3192 1155 3255 his
1229 3191 1476 3276 primis
1562 3189 1911 3253 vocabulis
1994 3191 2185 3255 nulla
2279 3217 2287 3224 ·

191 3317 407 3380 neque
458 3296 860 3360 FacmwAE
927 3297 1332 3361 HisPALAE
1368 3296 1647 3358 'idonea
1707 3295 1867 3358 satis
1929 3307 1997 3361 et
2052 3320 2179 3361 ex-

189 3414 408 3491 optata
467 3399 831 3487 privilegia
880 3400 1028 3463 erui
1093 3412 1409 3485 possent,
1471 3422 1607 3463 non
1661 3399 1908 3467 iniuria
1948 3400 2178 3467 locum
2239 3433 2248 3441 ¹⁷

190 3510 627 3595 depravatum
697 3505 998 3568 iudicare
1061 3502 1232 3568 mihi
1286 3510 1470 3568 visus
1521 3526 1710 3583 sum,
1779 3515 1846 3567 et
1902 3506 1986 3569 de
2028 3529 2176 3570 me-

192 3615 407 3679 dicina
454 3610 838 3676 adhibenda
886 3610 1183 3696 cogitare
1235 3612 1450 3696 coepi.
1551 3613 1740 3688 Duas
1798 3636 1967 3686 vero
2011 3635 2181 3697 pm-
2277 3649 2285 3659 .

187 3717 365 3785 ferre
428 3739 762 3805 possum3
845 3717 1129 3781 alteram
1206 3717 1478 3800 quidem
1562 3740 1599 3779 a
1666 3718 1821 3782 viro
1885 3699 2182 3801 quodam

189 3822 711 3913 perdoctissimo
752 3844 1020 3888 mecum
1064 3822 1352 3904 benigue
1405 3824 2006 3905 communicatam,
2064 3830 2178 3908 qui

190 3930 483 3996 maxime
531 3931 722 3996 illam
766 3930 1100 3994 dationem
1150 3947 1352 3992 sensu
1414 3948 1649 3992 carere
1693 3926 2000 3993 iudicans
2051 3949 2182 4013 pro

1459 4215 1494 4248 Ο
