2769 4671
460 409 553 481 62
1286 438 1635 482 ——0—

550 612 555 619 '
609 607 970 673 Praeterea
1036 627 1125 672 ex
1194 608 1363 694 ipsis
1444 612 1603 676 SCti
1673 609 1899 675 verbis
1972 624 2486 697 argumentum

440 715 584 802 peti
625 717 875 802 possit,
918 735 1123 798 quare
1171 717 1389 800 magis
1427 717 1662 781 irritae
1705 740 1906 802 quam
1947 730 2207 781 tantum
2247 719 2480 801 igno-

442 828 777 892 miniosae
848 822 1324 887 libertinarum
1408 826 1688 911 nuptiae
1757 824 1965 886 fuisse
2038 825 2468 899 videantur3

437 933 541 995 ait
586 932 807 993 enim:
849 932 955 990 uti
996 931 1055 989 ei
1104 930 1323 991 liceret
1364 934 1644 1011 ingenuo
1696 930 1929 990 nubere
1944 952 1971 1001 ;
2009 929 2233 1012 itaque
2277 928 2460 989 alias

436 1060 575 1102 non
637 1036 862 1107 licuit,
928 1056 1090 1117 ergo
1149 1037 1441 1099 iniustae
1503 1059 1620 1097 eae
1671 1039 1946 1120 nuptiae
1990 1033 2204 1098 fuere.
2307 1032 2458 1096 Sed

431 1144 564 1208 hoc
625 1153 1103 1225 argumentum
1183 1143 1381 1204 nauci
1448 1142 1649 1208 foret.
1766 1141 1948 1204 Nam
2026 1139 2204 1221 quod
2253 1140 2452 1199 licere

426 1251 545 1315 lex
592 1252 718 1320 ait,
780 1246 861 1308 ab
915 1247 1107 1308 omni
1155 1258 1346 1331 parte
1394 1247 1658 1332 optimo
1712 1246 1860 1309 iure
1915 1245 2030 1308 fiet
2084 1257 2152 1306 et
2202 1266 2288 1307 ex
2333 1245 2446 1306 le-

364 1426 377 1433 ,
426 1363 529 1443 gis
593 1352 988 1428 autoritate3
1050 1353 1263 1435 igitur
1329 1366 1395 1416 et
1448 1356 1596 1415 sine
1645 1354 1968 1416 infamiae
2031 1351 2434 1426 formidine-3

421 1457 999 1550 quemadmodum
1059 1470 1240 1520 recte
1291 1459 1438 1538 quis
1485 1460 1776 1532 d1xerit‚
1841 1482 1969 1544 per
2023 1458 2244 1541 legem
2288 1457 2445 1520 Fu-

421 1572 596 1634 riam
653 1563 809 1653 plus
871 1558 1061 1621 mille
1132 1560 1388 1621 assibus
1463 1561 1692 1643 legare
1751 1566 2068 1644 cuiquam
2140 1588 2275 1626 non
2336 1564 2434 1626 li-

416 1666 657 1739 cuisse.
717 1665 1034 1748 Denique
1074 1663 1295 1748 ipsum
1333 1665 1584 1728 SCtum
1630 1669 1818 1728 licere
1852 1668 2014 1749 quid
2055 1669 2164 1749 sit,
2207 1670 2430 1752 signi-

410 1782 605 1850 ficat,
665 1796 817 1838 cum
869 1769 1143 1831 additur
1187 1793 1307 1830 neu
1346 1775 1430 1848 (i.
1465 1795 1523 1836 e.
1569 1773 1764 1854 neve)
1809 1774 1970 1856 quid
2025 1776 2088 1834 ei
2123 1779 2245 1859 &qui
2280 1798 2422 1835 eom

408 1889 737 1950 duxisset,
780 1879 859 1941 ob
914 1872 989 1938 'id
1010 1871 1269 1960 fraudi
1307 1881 1781 1957 ignominiaeve
1828 1893 2037 1953 esset‚·
2078 1894 2144 1944 et
2183 1884 2421 1965 priora

404 1968 615 2059 verba
684 1968 963 2050 idcirco·
1016 1995 1279 2046 tantum
1351 1985 1576 2070 posita
1651 1984 2020 2066 videntur,
2092 1992 2420 2070 quoniam

402 2090 848 2183 privilegium
914 2089 1189 2150 mulieri
1270 2111 1408 2152 non
1494 2089 1595 2162 ei,
1682 2091 1799 2174 qui
1886 2075 2072 2154 eam*
2118 2114 2415 2156 uxorem

402 2204 725 2268 ducturus
772 2208 950 2267 erat.
995 2194 1440 2258 tribuebatur.
1541 2193 1672 2258 Sed
1725 2204 1791 2255 et
1838 2194 2016 2278 quod
2075 2200 2413 2280 scriptum

400 2320 535 2381 est.
596 2300 852 2396 fraudi
917 2304 1390 2382 ignominiaeve
1467 2312 1737 2363 nostrae
1812 2303 2184 2363 sententiae
2268 2325 2411 2367 non

396 2417 833 2480 adversatur.
891 2406 1068 2492 quod
1126 2409 1219 2468 ita
1280 2405 1568 2469 fortasse
1622 2405 2109 2489 explicandum
2163 2408 2408 2493 aliquis

392 2532 697 2606 censeat,
743 2515 933 2599 quasi
972 2508 1232 2603 fraude
1280 2512 1737 2596 significetur,
1785 2524 1856 2575 ut
1898 2512 2096 2575 liberi
2138 2526 2408 2599 patrem

388 2607 531 2695 n'on
585 2629 949 2706 sequantur
1006 2643 1226 2702 neque
1278 2628 1347 2685 in
1409 2631 1742 2705 potestate
1804 2617 1948 2680 eius
2005 2616 2207 2697 fiant,
2274 2644 2402 2683 ne-

386 2759 515 2822 que
552 2733 672 2795 dos
718 2726 1167 2809 intelligatur,
1211 2727 1569 2806 ignominia
1613 2743 1775 2785 vero
1818 2722 1978 2785 inde
2027 2739 2401 2808 separetur.

381 2847 481 2912 At
532 2831 697 2922 {tero
746 2829 988 2924 frondi
1032 2856 1165 2894 esse
1213 2852 1369 2893 cum
1421 2848 1752 2915 perquam
1806 2831 2143 2909 generalis
2191 2832 2396 2897 dictio

381 2953 502 3023 sit,
561 2966 730 3028 quae
780 2962 985 3003 omne
1026 2938 1347 3000 damnum
1413 2958 1489 2999 ac
1544 2934 2002 2997 infortunium
2061 2937 2387 3022 designat,

376 3052 518 3139 (Cf,
557 3053 917 3114 BR'issoN.
970 3043 1053 3138 de
1100 3043 1179 3106 V.
1212 3043 1281 3105 S.
1336 3040 1402 3107 h.
1454 3063 1518 3104 v,
1566 3040 1688 3102 sub
1736 3037 1885 3120 fin.)
1951 3044 2082 3107 nisi
2139 3070 2387 3132 super-

374 3161 672 3226 stitiosae
732 3151 1193 3235 legislatorum
1248 3145 1634 3228 diligentiae
1693 3144 2007 3219 debetur.
2053 3151 2225 3215 nihil
2273 3139 2386 3217 ni-

370 3265 502 3330 mis
546 3263 905 3352 diligenter
950 3254 1179 3315 caveri
1224 3273 1424 3336 posse
1468 3250 2039 3327 existimantium,
2094 3257 2176 3318 ad
2220 3281 2385 3321 cen-

278 3371 285 3374 ’
368 3369 624 3436 soriam'
675 3375 900 3427 notam
955 3358 1205 3423 referri
1255 3368 1512 3443 potest,
1552 3379 1721 3441 quae
1771 3381 1959 3437 eum,
2006 3365 2122 3445 qui
2165 3364 2412 3427 liber--⁴

366 3468 981 3568 tinambduxerat,
1053 3468 1202 3527 sine
1276 3462 1481 3552 dubio
1531 3462 1869 3529 manebat.
1983 3467 2375 3551 Ignominia

375 3668 913 3698 -,,,.,........-.

499 3836 615 3872 cere
653 3818 737 3869 ius
777 3823 893 3867 esto
933 3827 1066 3863 neve
1106 3806 1239 3881 quid
1276 3808 1376 3865 eis,
1414 3805 1510 3876 qui
1547 3822 1641 3857 eas
1673 3802 1956 3867 duxerint,
1983 3802 2185 3876 fraudi
2210 3811 2365 3881 igno..

495 3916 765 3969 miniaeve
810 3919 966 3964 'esem
1021 3904 1284 3974 liberique
1335 3917 1522 3955 eorum
1576 3900 1810 3971 legitimi
1860 3914 2051 3965 sunto,
2121 3921 2194 3959 ex
2251 3906 2362 3961 hoo

493 4010 624 4083 ipso
661 4005 814 4062 vax
856 3998 988 4056 loco
1024 3995 1185 4053 haud
1231 3992 1380 4051 malo
1419 3993 1685 4069 exemplo
1731 4012 1982 4071 sumpto.

178 4147 325 4240 ..s
454 4139 539 4192 Ἣ*
