2769 4671
513 332 609 404 58
1334 355 1689 401 ··——o·-

1626 400 1654 419 s

670 514 968 611 Nuptias
1034 526 1448 595 Fsscnmm
1483 514 1924 599 ;H1sPALAn
1986 547 2143 592 cum
2203 525 2512 608 ingenuo

506 634 784 718 proprie
851 643 1255 699 contrahere
1321 659 1460 700 non
1525 640 1862 723 potuisse,
1940 630 2191 696 exinde
2259 651 2513 692 conse-

504 741 773 822 quitur,
846 741 1022 825 qudd
1103 742 1450 827 privilegii
1540 744 1690 807 loco
1763 741 1894 805 hoc
1960 740 2022 803 ei
2087 735 2512 800 conceditur.

470 845 630 933 ¹Sed
690 849 847 929 qnid
897 847 1387 933 impedimento
1437 847 1643 912 fuerit
1698 849 1777 912 iis
1835 838 2125 933 nuptiis,
2191 839 2506 928 profecto

498 962 640 1012 non
685 951 776 1013 ita
813 951 1011 1015 facile
1061 953 1473 1020 definiveris.
1555 956 1871 1040 Apparet
1911 954 2132 1022 enim,
2177 960 2241 1011 et
2288 948 2511 1011 liber-

494 1057 708 1121 tinam
776 1048 1248 1123 conditionem⁴
1283 1072 1347 1123 et
1402 1059 2117 1147 corporis-prostituti
2168 1055 2509 1137 flagitium

496 1152 822 1227 obsistere
869 1166 932 1227 ei
977 1169 1308 1249 potuisse,
1369 1189 1503 1251 quo
1559 1169 1785 1230 minus
1840 1163 2176 1228 eiusmodi
2231 1161 2504 1246 nuptias

487 1269 795 1351 legitime
843 1271 1077 1334 coiret.
1158 1273 1338 1334 T=um
1391 1273 1593 1335 etiam
1650 1271 1902 1353 ambigi
1956 1278 2212 1356 potest,
2272 1277 2507 1329 utrum

493 1374 777 1436 omnino
849 1396 979 1457 pro
1044 1375 1252 1438 nullis
1307 1376 1577 1439 habitae
1638 1377 1933 1450 fuerint,
2002 1396 2088 1438 an
2157 1382 2352 1445 tanta
2383 1373 2502 1433 inv-

488 1474 700 1540 famia
745 1462 1226 1558 flagraverint,
1290 1495 1364 1541 ut
1415 1505 1567 1542 eam
1621 1483 1705 1543 ob
1755 1505 2057 1546 caussam
2115 1500 2319 1543 nemo
2381 1477 2498 1541 in-

486 1602 749 1668 genuus
816 1581 1210 1645 libertinam
1273 1576 1706 1649 meretricem
1786 1586 2036 1649 ducere
2106 1584 2496 1648 sustineret.

482 1692 824 1776 Equidem
875 1701 1104 1753 tamen
1156 1691 1370 1773 magis
1419 1690 1843 1776 putaverim,
1911 1713 2196 1776 prorsus
2252 1693 2493 1755 vetitas

482 1793 681 1884 atque
738 1798 967 1863 irritas
1022 1814 1241 1882 neque
1306 1796 1662 1860 libertinae
1724 1820 1940 1881 neque
2006 1819 2261 1882 nomen
2322 1819 2495 1884 pro-

477 1907 695 1972 fessae
748 1927 919 1967 cum·
958 1905 1252 2019 ipgeuuo
1304 1904 1578 1989 nuptias
1620 1907 1847 1989 prisco
1896 1909 2046 1967 iure
2089 1903 2327 1970 fuisse;
2370 1905 2492 1968 sed

480 2023 715 2076 contra
751 2011 966 2074 bonos
1005 2031 1231 2071 mores
1282 2009 1545 2087 visum,
1584 2010 1942 2073 honestum
1990 2009 2489 2092 ingenuorum-

479 2137 610 2200 que
664 2116 993 2178 natalium
1051 2106 1270 2176 civem
1326 2115 1676 2201 'eiusmodi
1735 2114 2252 2185 mulierculam,
2314 2130 2487 2198 quae

475 2220 590 2283 vel
651 2242 738 2282 ex
782 2219 1114 2282 servitute
1172 2218 1294 2280 vix
1349 2232 1750 2293 emerserat,
1807 2222 2085 2304 ipsaque
2139 2219 2482 2284 conditio-

473 2327 580 2394 nis
637 2324 913 2389 fortuna
960 2323 1469 2409 impudicorum
1519 2349 1793 2391 morum
1853 2324 2310 2410 suspicionem
2369 2327 2485 2392 in·-

478 2432 844 2509 currebat‚
916 2452 1208 2509 eamve,
1283 2450 1453 2510 quae
1521 2455 1812 2516 corpore
1884 2434 2163 2515 vulgato
2246 2446 2483 2518 aperte

475 2542 661 2605 omni
715 2538 978 2624 pudore
1035 2551 1102 2601 et
1150 2538 1514 2599 matronali
1567 2538 1892 2620 dignitate
1944 2560 2015 2601 se
2066 2540 2482 2624 exsolve-rat,

468 2651 540 2713 in
591 2645 927 2730 genialem
979 2643 1257 2705 thorum
1315 2643 1712 2706 adsciscere.
1802 2644 2004 2727 Quod
2058 2657 2132 2707 ut
2176 2648 2477 2729 credam,

466 2753 637 2820 illud
702 2751 1068 2835 praecipue
1130 2771 1240 2811 me
1296 2762 1526 2811 movet
1587 2763 2098 2831 argumentum,
2178 2756 2355 2837 quod
2405 2769 2475 2823 et

469 2857 906 2924 de'conubiis
961 2857 1142 2919 inter
1181 2856 1514 2938 ingenuos
1560 2856 1965 2938 libertasque
2010 2858 2210 2941 plane
2255 2863 2475 2925 inter-

469 2964 900 3031 dictis-nihil
971 2986 1253 3046 usquam
1322 2962 1670 3047 proditum
1736 2962 2125 3042 inveniam,
2198 2977 2267 3046 et
2312 2990 2471 3035 cum

463 3068 1002 3135 manumissione
1040 3069 1223 3132 servi
1267 3067 1540 3152 plenam
1586 3066 1925 3128 civitatem
1966 3088 2474 3153 consequeren-

462 3187 606 3252 tur,
679 3172 851 3240 effici
892 3173 1251 3251 videatur,
1310 3183 1497 3236 tlt-et
1554 3171 1916 3233 conubium
1976 3193 2130 3235 cum
2180 3180 2463 3243 caeteris

461 3283 763 3358 civibu8‚
823 3279 1000 3361 quod
1051 3279 1322 3343 civitate
1364 3279 1562 3342 tacite
1608 3277 2022 3352 cont-inetur,
2079 3278 2463 3354 habuerint.

458 3388 827 3454 Infamiam
885 3399 1123 3451 contra
1193 3396 1259 3448 et
1327 3393 1838 3468 contemptum,
1914 3404 2046 3468 quo
2113 3401 2461 3462 scortaet

453 3495 813 3560 libertinae
875 3499 1065 3555 omni
1144 3514 1310 3555 aevo
1371 3490 1640 3564 habitae
1709 3494 1902 3566 sint,
1963 3506 2215 3570 ⁴cuncta
2281 3501 2467 3564 anti-

252 3607 281 3616 ‘
457 3603 675 3684 quitas
746 3610 1048 3663 testatur.
1157 3596 1358 3664 Unde
1422 3597 1624 3658 etiam
1676 3594 1996 3662 ΜΑΤΤΗ.
2060 3602 2458 3676 AEGYPfru

453 3708 819 3786 sententia,
884 3715 1022 3768 tam
1070 3702 1458 3770 libertinam
1508 3698 2215 3788 conditionemquam
2265 3718 2484 3798 turpe'

379 3856 388 3864 -
447 3807 894 3891 vitaegenus
942 3809 1346 3900 Fnoamm
1394 3806 1695 3889 ingenuo
1757 3817 2093 3892 nupturae
2151 3813 2462 3882 offecisse

346 3931 347 3936 ’
446 3918 746 4003 putantis
802 3921 972 4002 prae
1028 3912 1313 3980 caeteris
1378 3910 1554 3978 mihi
1609 3908 1889 3983 arridet.
1950 3948 2033 3967 --
2110 3917 2349 4005 Itaque
2400 3923 2463 3987 si

162 4123 325 4192 ὲκ
406 4121 581 4208 κ’,
